%% Created using Papers on Tue, 26 Nov 2013.
%% http://papersapp.com/papers/

@article{2006A&A...459..745F,
author = {Fontana, A and Salimbeni, S and Grazian, A and Giallongo, E and Pentericci, L and Nonino, M and Fontanot, F and Menci, N and Monaco, P and Cristiani, S and Vanzella, E and De Santis, C and Gallozzi, S},
title = {{The Galaxy Mass Function up to z=4 in the GOODS-MUSIC sample: into the epoch of formation of massive galaxies}},
journal = {arXiv},
year = {2006},
eprint = {astro-ph/0609068v1},
eprinttype = {arxiv},
eprintclass = {astro-ph},
number = {3},
pages = {745--757},
month = sep,
annote = {accepted for publication in A{\&}A. Uses aa.cls, 15 pages, 11 figures.
  The observed mass functions are available in electronic form at
  http://lbc.oa-roma.inaf.it/goods/massfunction}
}

@article{2013MNRAS.429.2456R,
author = {Rogers, A B and McLure, R J and Dunlop, James S},
title = {{The unbiased measurement of ultraviolet spectral slopes in low-luminosity galaxies at z ≈ 7}},
journal = {Monthly Notices of the Royal Astronomical Society},
year = {2013},
volume = {429},
number = {3},
pages = {2456--2468},
month = mar
}

@article{Dunlop:2011jl,
author = {Dunlop, James S and McLure, R J and Robertson, B. E. and Ellis, Richard S and Stark, D P and Cirasuolo, Michele and de Ravel, L.},
title = {{A critical analysis of the ultraviolet continuum slopes ($\beta$) of high-redshift galaxies: no evidence (yet) for extreme stellar populations at z > 6}},
journal = {Monthly Notices of the Royal Astronomical Society},
year = {2011},
volume = {420},
number = {1},
pages = {901--912},
month = dec
}

@article{Madau:1998jd,
author = {Madau, Piero and Pozzetti, Lucia and Dickinson, Mark},
title = {{The Star Formation History of Field Galaxies}},
journal = {ApJ},
year = {1998},
volume = {498},
number = {1},
pages = {106--116},
month = may
}

@article{Meurer:1999jm,
author = {Meurer, Gerhardt R and Heckman, Timothy M and Calzetti, Daniela},
title = {{Dust Absorption and the Ultraviolet Luminosity Density at z ≈ 3 as Calibrated by Local Starburst Galaxies}},
journal = {ApJ},
year = {1999},
volume = {521},
number = {1},
pages = {64--80},
month = aug
}

@article{KennicuttJr:1998id,
author = {Kennicutt, Jr, Robert C},
title = {{The Global Schmidt Law in Star‐forming Galaxies}},
journal = {ApJ},
year = {1998},
volume = {498},
number = {2},
pages = {541--552},
month = may
}

@article{2011MNRAS.412.1123P,
author = {Papovich, Casey and Finkelstein, Steven L and Ferguson, Henry C and Lotz, Jennifer M and Giavalisco, Mauro},
title = {{The rising star formation histories of distant galaxies and implications for gas accretion with time}},
journal = {Monthly Notices of the Royal Astronomical Society},
year = {2011},
volume = {412},
number = {2},
pages = {1123--1136},
month = apr
}

@article{Hopkins:2006bq,
author = {Hopkins, Andrew M and Beacom, John F},
title = {{On the Normalization of the Cosmic Star Formation History}},
journal = {ApJ},
year = {2006},
volume = {651},
number = {1},
pages = {142--154},
month = nov
}

@article{Maraston:2005er,
author = {Maraston, C},
title = {{Evolutionary population synthesis: models, analysis of the ingredients and application to high-z galaxies}},
journal = {Monthly Notices of the Royal Astronomical Society},
year = {2005},
volume = {362},
number = {3},
pages = {799--825},
month = sep
}

@article{Yan:2012ky,
author = {Yan, Haojing and Finkelstein, Steven L and Huang, Kuang-Han and Ryan, Russell E and Ferguson, Henry C and Koekemoer, Anton M and Grogin, Norman A and Dickinson, Mark and Newman, Jeffrey A and Somerville, Rachel S and Dav{\'e}, Romeel and Faber, S M and Papovich, Casey and Guo, Yicheng and Giavalisco, Mauro and Lee, Kyoung-Soo and Reddy, Naveen and Cooray, Asantha R and Siana, Brian D and Hathi, Nimish P and Fazio, Giovanni G and Ashby, Matthew and Weiner, Benjamin J and Lucas, Ray A and Dekel, Avishai and Pentericci, Laura and Conselice, Christopher J and Kocevski, Dale D and Lai, Kamson},
title = {{LUMINOUS AND HIGH STELLAR MASS CANDIDATE GALAXIES AT z≈ 8 DISCOVERED IN THE COSMIC ASSEMBLY NEAR-INFRARED DEEP EXTRAGALACTIC LEGACY SURVEY}},
journal = {ApJ},
year = {2012},
volume = {761},
number = {2},
pages = {177},
month = dec
}

@article{Wilkins:2011fs,
author = {Wilkins, Stephen M and Bunker, Andrew J and Stanway, Elizabeth and Lorenzoni, Silvio and Caruana, Joseph},
title = {{The ultraviolet properties of star-forming galaxies - I. HST WFC3 observations of very high redshift galaxies}},
journal = {Monthly Notices of the Royal Astronomical Society},
year = {2011},
volume = {417},
number = {1},
pages = {717--729},
month = aug
}

@article{Bruzual:2003ckb,
author = {Bruzual, G and Charlot, S},
title = {{Stellar population synthesis at the resolution of 2003}},
journal = {Monthly Notices of the Royal Astronomical Society},
year = {2003},
volume = {344},
number = {4},
pages = {1000--1028},
month = oct
}

@article{Hathi:2007fh,
author = {Hathi, N P and Jansen, R A and Windhorst, R A and Cohen, S H and Keel, W C and Corbin, M R and Ryan, Jr, R E},
title = {{SURFACE BRIGHTNESS PROFILES OF COMPOSITE IMAGES OF COMPACT GALAXIES AT z≃ 4-6 IN THE HUBBLE ULTRA DEEP FIELD}},
journal = {The Astronomical Journal},
year = {2007},
volume = {135},
number = {1},
pages = {156--166},
month = dec
}

@article{Ravindranath:2006ie,
author = {Ravindranath, Swara and Giavalisco, Mauro and Ferguson, Henry C and Conselice, Christopher and Katz, Neal and Weinberg, Martin and Lotz, Jennifer and Dickinson, Mark and Fall, S. Michael and Mobasher, Bahram and Papovich, Casey},
title = {{The Morphological Diversities among Star‐forming Galaxies at High Redshifts in the Great Observatories Origins Deep Survey}},
journal = {ApJ},
year = {2006},
volume = {652},
number = {2},
pages = {963--980},
month = dec
}

@article{Ono:2010ed,
author = {Ono, Yoshiaki and Shimasaku, Kazuhiro and Dunlop, James and Farrah, Duncan and McLure, Ross and Okamura, Sadanori},
title = {{STELLAR POPULATIONS OF Ly$\alpha$ EMITTERS AT z∼ 6-7: CONSTRAINTS ON THE ESCAPE FRACTION OF IONIZING PHOTONS FROM GALAXY BUILDING BLOCKS}},
journal = {ApJ},
year = {2010},
volume = {724},
number = {2},
pages = {1524--1535},
month = nov
}

@article{Anonymous:f1KfEPKd
}

@article{2010ApJ...725.1644L,
author = {Lee, Seong-Kook and Ferguson, Henry C and Somerville, Rachel S and Wiklind, Tommy and Giavalisco, Mauro},
title = {{The Estimation of Star Formation Rates and Stellar Population Ages of High-redshift Galaxies from Broadband Photometry}},
journal = {ApJ},
year = {2010},
volume = {725},
number = {2},
pages = {1644--1651},
month = dec
}

@article{Guo:2013ig,
author = {Guo, Yicheng and Ferguson, Henry C and Giavalisco, Mauro and Barro, Guillermo and Willner, S P and Ashby, Matthew L N and Dahlen, Tomas and Donley, Jennifer L and Faber, Sandra M and Fontana, Adriano and Galametz, Audrey and Grazian, Andrea and Huang, Kuang-Han and Kocevski, Dale D and Koekemoer, Anton M and Koo, David C and McGrath, Elizabeth J and Peth, Michael and Salvato, Mara and Wuyts, Stijn and Castellano, Marco and Cooray, Asantha R and Dickinson, Mark E and Dunlop, James S and Fazio, G G and Gardner, Jonathan P and Gawiser, Eric and Grogin, Norman A and Hathi, Nimish P and Hsu, Li-Ting and Lee, Kyoung-Soo and Lucas, Ray A and Mobasher, Bahram and Nandra, Kirpal and Newman, Jeffery A and van der Wel, Arjen},
title = {{CANDELS MULTI-WAVELENGTH CATALOGS: SOURCE DETECTION AND PHOTOMETRY IN THE GOODS-SOUTH FIELD}},
journal = {ApJS},
year = {2013},
volume = {207},
number = {2},
pages = {24},
month = jul
}

@article{Ashby:2013cc,
author = {Ashby, M L N and Willner, S P and Fazio, G G and Huang, J S and Arendt, R and Barmby, P and Barro, G and Bell, E F and Bouwens, R and Cattaneo, A and Croton, D and Dav{\'e}, R and Dunlop, James S and Egami, E and Faber, S and Finlator, K and Grogin, N A and Guhathakurta, P and Hernquist, L and Hora, J L and Illingworth, Garth D and Kashlinsky, Alexander and Koekemoer, Anton M and Koo, D C and Labb{\'e}, I and Li, Y and Lin, L and Moseley, H and Nandra, K and Newman, J and Noeske, K and Ouchi, M and Peth, M and Rigopoulou, D and Robertson, B and Sarajedini, V and Simard, L and Smith, H A and Wang, Z and Wechsler, R and Weiner, B and Wilson, G and Wuyts, S and Yamada, T and Yan, Hao-Jing},
title = {{SEDS: THE SPITZER EXTENDED DEEP SURVEY. SURVEY DESIGN, PHOTOMETRY, AND DEEP IRAC SOURCE COUNTS}},
journal = {ApJ},
year = {2013},
volume = {769},
number = {1},
pages = {80},
month = may
}

@article{Fazio:2004eb,
author = {Fazio, G G and Hora, J L and Allen, L E and Ashby, M L N and Barmby, P and Deutsch, L K and Huang, J S and Kleiner, S and Marengo, M and Megeath, S T and Melnick, G J and Pahre, M A and Patten, B M and Polizotti, J and Smith, H A and Taylor, R S and Wang, Z and Willner, S P and Hoffmann, W F and Pipher, J L and Forrest, W J and McMurty, C W and McCreight, C R and McKelvey, M E and McMurray, R E and Koch, D G and Moseley, S H and Arendt, R G and Mentzell, J E and Marx, C T and Losch, P and Mayman, P and Eichhorn, W and Krebs, D and Jhabvala, M and Gezari, D Y and Fixsen, D J and Flores, J and Shakoorzadeh, K and Jungo, R and Hakun, C and Workman, L and Karpati, G and Kichak, R and Whitley, R and Mann, S and Tollestrup, E V and Eisenhardt, P and Stern, D and Gorjian, V and Bhattacharya, B and Carey, S and Nelson, B O and Glaccum, W J and Lacy, M and Lowrance, P J and Laine, S and Reach, W T and Stauffer, J A and Surace, J A and Wilson, G and Wright, Edward L and Hoffman, A and Domingo, G and Cohen, M},
title = {{The Infrared Array Camera (IRAC) for the Spitzer Space Telescope}},
journal = {ApJS},
year = {2004},
volume = {154},
number = {1},
pages = {10--17},
month = sep
}

@article{Bundy:2006em,
author = {Bundy, Kevin and Ellis, Richard S and Conselice, Christopher J and Taylor, James E and Cooper, Michael C and Willmer, Christopher N A and Weiner, Benjamin J and Coil, Alison L and Noeske, Kai G and Eisenhardt, Peter R M},
title = {{The Mass Assembly History of Field Galaxies: Detection of an Evolving Mass Limit for Star‐Forming Galaxies}},
journal = {ApJ},
year = {2006},
volume = {651},
number = {1},
pages = {120--141},
month = nov
}

@article{Anders:2003ci,
author = {Anders, P and Alvensleben, U Fritze v},
title = {{Spectral and photometric evolution of young stellar populations: The impact of gaseous emission at various metallicities}},
journal = {A{\&}A},
year = {2003},
volume = {401},
number = {3},
pages = {1063--1070},
month = apr
}

@article{1995A&A...303...41K,
author = {Krueger, H. and Fritze-v Alvensleben, U. and Loose, H.-H.},
title = {{Optical and near infrared spectral energy distributions. of blue compact galaxies from evolutionary synthesis}},
journal = {A{\&}A},
year = {1995},
volume = {303},
pages = {41},
month = nov
}

@article{2011A&ARv..19...41J,
author = {Johnston, Russell},
title = {{Shedding Light on the Galaxy Luminosity Function}},
journal = {arXiv},
year = {2011},
eprint = {1106.2039v3},
eprinttype = {arxiv},
eprintclass = {astro-ph.CO},
pages = {41},
month = jun,
annote = {95 pages, 23 figures, 3 tables. Now published in The Astronomy {\&}
  Astrophysics Review. This version: bring in line with A{\&}AR format
  requirements, also minor typo corrections made, additional citations and
  higher rez images added}
}

@article{2010ApJ...724..425D,
author = {Dahlen, Tomas and Mobasher, Bahram and Dickinson, Mark and Ferguson, Henry C and Giavalisco, Mauro and Grogin, Norman A and Guo, Yicheng and Koekemoer, Anton and Lee, Kyoung-Soo and Lee, Seong-Kook and Nonino, Mario and Riess, Adam G and Salimbeni, Sara},
title = {{A Detailed Study of Photometric Redshifts for GOODS-South Galaxies}},
journal = {ApJ},
year = {2010},
volume = {724},
number = {1},
pages = {425--447},
month = nov
}

@article{Erb:2006ke,
author = {Erb, Dawn K and Steidel, Charles C and Shapley, Alice E and Pettini, Max and Reddy, Naveen A and Adelberger, Kurt L},
title = {{H$\alpha$ Observations of a Large Sample of Galaxies at z∼ 2: Implications for Star Formation in High‐Redshift Galaxies}},
journal = {ApJ},
year = {2006},
volume = {647},
number = {1},
pages = {128--139},
month = aug
}

@article{ForsterSchreiber:2009hm,
author = {F{\"o}rster Schreiber, N M and Genzel, R and Bouch{\'e}, N and Cresci, G and Davies, R and Buschkamp, P and Shapiro, K and Tacconi, L J and Hicks, E K S and Genel, S and Shapley, A E and Erb, D K and Steidel, C C and Lutz, D and Eisenhauer, F and Gillessen, S and Sternberg, A and Renzini, A and Cimatti, A and Daddi, Emanuele and Kurk, J and Lilly, S and Kong, X and Lehnert, M D and Nesvadba, N and Verma, A and McCracken, H and Arimoto, N and Mignoli, M and Onodera, M},
title = {{THE SINS SURVEY: SINFONI INTEGRAL FIELD SPECTROSCOPY OF z∼ 2 STAR-FORMING GALAXIES}},
journal = {ApJ},
year = {2009},
volume = {706},
number = {2},
pages = {1364--1428},
month = nov
}

@article{Santini:2012jq,
author = {Santini, P and Fontana, A and Grazian, A and Salimbeni, S and Fontanot, F and Paris, D and Boutsia, K and Castellano, M and Fiore, F and Gallozzi, S and Giallongo, E and Koekemoer, Anton M and Menci, N and Pentericci, L and Somerville, R S},
title = {{The evolving slope of the stellar mass function at 0.6 ≤  z}},
journal = {A{\&}A},
year = {2012},
volume = {538},
pages = {A33},
month = jan
}

@article{Ilbert:2013dq,
author = {Ilbert, O and McCracken, H J and Le F{\`e}vre, O and Capak, P and Dunlop, J and Karim, A and Renzini, M A and Caputi, K and Boissier, S and Arnouts, S and Aussel, H and Comparat, J and Guo, Q and Hudelot, P and Kartaltepe, J and Kneib, J P and Krogager, J K and Le Floc'h, E and Lilly, S and Mellier, Y and Milvang-Jensen, B and Moutard, T and Onodera, M and Richard, J and Salvato, M and Sanders, D B and Scoville, N and Silverman, J D and Taniguchi, Y and Tasca, L and Thomas, R and Toft, S and Tresse, L and Vergani, D and Wolk, M and Zirm, A},
title = {{Mass assembly in quiescent and star-forming galaxies since z≃ 4 from UltraVISTA}},
journal = {A{\&}A},
year = {2013},
volume = {556},
pages = {A55},
month = jul
}

@article{Dave:2013bf,
author = {Dav{\'e}, R and Katz, N and Oppenheimer, B D and Kollmeier, J A and Weinberg, D H},
title = {{The neutral hydrogen content of galaxies in cosmological hydrodynamic simulations}},
journal = {Monthly Notices of the Royal Astronomical Society},
year = {2013},
volume = {434},
number = {3},
pages = {2645--2663},
month = aug
}

@article{Page:1999ez,
author = {Page, M J and Carrera, F J},
title = {{An improved method of constructing binned luminosity functions}},
journal = {arXiv},
year = {1999},
eprint = {astro-ph/9909434v1},
eprinttype = {arxiv},
eprintclass = {astro-ph},
month = sep,
annote = {LaTeX file, 8 pages, uses mn.sty, 5 figs included in text, accepted
  by MNRAS}
}

@article{2011MNRAS.413..162C,
author = {Caputi, Karina I and Cirasuolo, Michele and Dunlop, James S and McLure, R J and Farrah, D and Almaini, Omar},
title = {{The stellar mass function of the most-massive galaxies at 3 ≤z }},
journal = {Monthly Notices of the Royal Astronomical Society},
year = {2011},
volume = {413},
number = {1},
pages = {162--176},
month = may
}

@article{2000ApJ...539..718C,
author = {Charlot, St{\'e}phane and Fall, S. Michael},
title = {{A Simple Model for the Absorption of Starlight by Dust in Galaxies}},
journal = {ApJ},
year = {2000},
volume = {539},
number = {2},
pages = {718--731},
month = aug
}

@article{Croton:2006ew,
author = {Croton, Darren J and Springel, Volker and White, Simon D M and De Lucia, G and Frenk, C S and Gao, L and Jenkins, A and Kauffmann, G and Navarro, J F and Yoshida, N},
title = {{The many lives of active galactic nuclei: cooling flows, black holes and the luminosities and colours of galaxies}},
journal = {Monthly Notices of the Royal Astronomical Society},
year = {2006},
volume = {365},
number = {1},
pages = {11--28},
month = jan
}

@article{Somerville:2008ed,
author = {Somerville, Rachel S and Hopkins, Philip F and Cox, Thomas J and Robertson, Brant E and Hernquist, Lars},
title = {{A semi-analytic model for the co-evolution of galaxies, black holes and active galactic nuclei}},
journal = {Monthly Notices of the Royal Astronomical Society},
year = {2008},
volume = {391},
number = {2},
pages = {481--506},
month = dec
}

@article{Koekemoer:2011br,
author = {Koekemoer, Anton M and Faber, S M and Ferguson, Henry C and Grogin, Norman A and Kocevski, Dale D and Koo, David C and Lai, Kamson and Lotz, Jennifer M and Lucas, Ray A and McGrath, Elizabeth J and Ogaz, Sara and Rajan, Abhijith and Riess, Adam G and Rodney, Steven A and Strolger, Louis and Casertano, Stefano and Castellano, Marco and Dahlen, Tomas and Dickinson, Mark and Dolch, Timothy and Fontana, Adriano and Giavalisco, Mauro and Grazian, Andrea and Guo, Yicheng and Hathi, Nimish P and Huang, Kuang-Han and van der Wel, Arjen and Yan, Hao-Jing and Acquaviva, Viviana and Alexander, David M and Almaini, Omar and Ashby, Matthew L N and Barden, Marco and Bell, Eric F and Bournaud, Fr{\'e}d{\'e}ric and Brown, Thomas M and Caputi, Karina I and Cassata, Paolo and Challis, Peter J and Chary, Ranga-Ram and Cheung, Edmond and Cirasuolo, Michele and Conselice, Christopher J and Cooray, Asantha Roshan and Croton, Darren J and Daddi, Emanuele and Dav{\'e}, Romeel and de Mello, Duilia F and de Ravel, Loic and Dekel, Avishai and Donley, Jennifer L and Dunlop, James S and Dutton, Aaron A and Elbaz, David and Fazio, Giovanni G and Filippenko, Alexei V and Finkelstein, Steven L and Frazer, Chris and Gardner, Jonathan P and Garnavich, Peter M and Gawiser, Eric and Gruetzbauch, Ruth and Hartley, Will G and H{\"a}ussler, Boris and Herrington, Jessica and Hopkins, Philip F and Huang, Jia-Sheng and Jha, Saurabh W and Johnson, Andrew and Kartaltepe, Jeyhan S and Khostovan, Ali A and Kirshner, Robert P and Lani, Caterina and Lee, Kyoung-Soo and Li, Weidong and Madau, Piero and McCarthy, Patrick J and McIntosh, Daniel H and McLure, Ross J and McPartland, Conor and Mobasher, Bahram and Moreira, Heidi and Mortlock, Alice and Moustakas, Leonidas A and Mozena, Mark and Nandra, Kirpal and Newman, Jeffrey A and Nielsen, Jennifer L and Niemi, Sami and Noeske, Kai G and Papovich, Casey and Pentericci, Laura and Pope, Alexandra and Primack, Joel R and Ravindranath, Swara and Reddy, Naveen A and Renzini, Alvio and Rix, Hans-Walter and Robaina, Aday R and Rosario, David J and Rosati, Piero and Salimbeni, Sara and Scarlata, Claudia and Siana, Brian and Simard, Luc and Smidt, Joseph and Snyder, Diana and Somerville, Rachel S and Spinrad, Hyron and Straughn, Amber N and Telford, Olivia and Teplitz, Harry I and Trump, Jonathan R and Vargas, Carlos and Villforth, Carolin and Wagner, Cory R and Wandro, Pat and Wechsler, Risa H and Weiner, Benjamin J and Wiklind, Tommy and Wild, Vivienne and Wilson, Grant and Wuyts, Stijn and Yun, Min S},
title = {{CANDELS: THE COSMIC ASSEMBLY NEAR-INFRARED DEEP EXTRAGALACTIC LEGACY SURVEY---THE HUBBLE SPACE TELESCOPEOBSERVATIONS, IMAGING DATA PRODUCTS, AND MOSAICS}},
journal = {ApJS},
year = {2011},
volume = {197},
number = {2},
pages = {36},
month = dec
}

@article{Lu:2011hj,
author = {Lu, Yu and Mo, H J and Weinberg, Martin D and Katz, Neal},
title = {{A Bayesian approach to the semi-analytic model of galaxy formation: methodology}},
journal = {Monthly Notices of the Royal Astronomical Society},
year = {2011},
volume = {416},
number = {3},
pages = {1949--1964},
month = jul
}

@article{Page:2007wv,
author = {Page, L and Hinshaw, G and Komatsu, E and Nolta, MR and Spergel, DN and Bennett, C L and Barnes, C and Bean, R and Dore, O and Dunkley, J},
title = {{Three-year Wilkinson microwave anisotropy probe (WMAP) observations: polarization analysis}},
journal = {ApJS},
year = {2007},
volume = {170},
pages = {335}
}

@article{2007ApJ...657..669T,
author = {Thompson, Rodger I and Eisenstein, Daniel and Fan, Xiaohui and Rieke, Marcia J and Kennicutt, Robert C},
title = {{Constraints on the Cosmic Near-Infrared Background Excess from NICMOS Deep Field Observations}},
journal = {ApJ},
year = {2007},
volume = {657},
number = {2},
pages = {669--680},
month = mar
}

@article{2012ApJ...752...66L,
author = {Lee, Kyoung-Soo and Ferguson, Henry C and Wiklind, Tommy and Dahlen, Tomas and Dickinson, Mark E and Giavalisco, Mauro and Grogin, Norman and Papovich, Casey and Messias, Hugo and Guo, Yicheng and Lin, Lihwai},
title = {{How Do Star-forming Galaxies at z > 3 Assemble Their Masses?}},
journal = {ApJ},
year = {2012},
volume = {752},
number = {1},
pages = {66},
month = jun
}

@article{1994ApJ...429..582C,
author = {Calzetti, Daniela and Kinney, Anne L and Storchi-Bergmann, Thaisa},
title = {{Dust extinction of the stellar continua in starburst galaxies: The ultraviolet and optical extinction law}},
journal = {ApJ},
year = {1994},
volume = {429},
pages = {582--601},
month = jul
}

@article{1980ApJS...43..393C,
author = {Coleman, G D and Wu, C C and Weedman, D W},
title = {{Colors and magnitudes predicted for high redshift galaxies}},
journal = {Astrophysical Journal Supplement Series},
year = {1980},
volume = {43},
pages = {393--416},
month = jul,
annote = {A{\&}AA ID. AAA028.158.115}
}

@article{Anonymous:uIEcdATJ,
title = {{Understanding the Observed Evolution of the Galaxy Luminosity Function from z = 6--10 in the Context of Hierarchical Structure Formation}},
year = {2012},
pages = {1--15},
month = aug
}

@article{Munoz:2010wl,
author = {Mu{\~n}oz, Joseph A and Loeb, Abraham},
title = {{Constraining the Minimum Mass of High-Redshift Galaxies and Their Contribution to the Ionization State of the IGM}},
journal = {arXiv},
year = {2010},
eprint = {1010.2260v1},
eprinttype = {arxiv},
eprintclass = {astro-ph.CO},
month = oct
}

@article{Henriques:2012gs,
author = {Henriques, Bruno M B},
title = {{Confronting theoretical models with the observed evolution of the galaxy population out to z = 4}},
journal = {Monthly Notices of the Royal Astronomical Society},
year = {2012},
volume = {421},
pages = {2904--2916},
month = aug
}

@article{2012arXiv1207.2727C,
author = {Curtis-Lake, E and McLure, R J and Dunlop, James S and Schenker, M. and Rogers, A B and Targett, T and Cirasuolo, Michele and Almaini, Omar and Ashby, M L N and Bradshaw, E J and Finkelstein, S L and Dickinson, Mark and Ellis, Richard S and Faber, S M and Fazio, G G and Ferguson, Henry C and Fontana, A and Grogin, N A and Hartley, Will G and Kocevski, D D and Koekemoer, Anton M and Lai, K and Robertson, B. E. and Vanzella, E and Willner, S P},
title = {{The ages, masses and star-formation rates of spectroscopically confirmed z~6 galaxies in CANDELS}},
journal = {arXiv},
year = {2012},
eprint = {1207.2727},
eprinttype = {arxiv},
eprintclass = {1207},
pages = {2727},
month = jul,
annote = {23 pages, 12 figures, for submission to MNRAS}
}

@article{2012ApJ...748..122P,
author = {Pirzkal, N and Rothberg, B and Nilsson, Kim K and Finkelstein, S and Koekemoer, Anton and Malhotra, Sangeeta and Rhoads, James},
title = {{A Link to the Past: Using Markov Chain Monte Carlo Fitting to Constrain Fundamental Parameters of High-redshift Galaxies}},
journal = {ApJ},
year = {2012},
volume = {748},
number = {2},
pages = {122},
month = apr
}

@article{Dahlen:2013eu,
author = {Dahlen, Tomas and Mobasher, Bahram and Faber, Sandra M and Ferguson, Henry C and Barro, Guillermo and Finkelstein, Steven L and Finlator, Kristian and Fontana, Adriano and Gruetzbauch, Ruth and Johnson, Seth and Pforr, Janine and Salvato, Mara and Wiklind, Tommy and Wuyts, Stijn and Acquaviva, Viviana and Dickinson, Mark E and Guo, Yicheng and Huang, Jiasheng and Huang, Kuang-Han and Newman, Jeffrey A and Bell, Eric F and Conselice, Christopher J and Galametz, Audrey and Gawiser, Eric and Giavalisco, Mauro and Grogin, Norman A and Hathi, Nimish and Kocevski, Dale and Koekemoer, Anton M and Koo, David C and Lee, Kyoung-Soo and McGrath, Elizabeth J and Papovich, Casey and Peth, Michael and Ryan, Russell and Somerville, Rachel and Weiner, Benjamin and Wilson, Grant},
title = {{A CRITICAL ASSESSMENT OF PHOTOMETRIC REDSHIFT METHODS: A CANDELS INVESTIGATION}},
journal = {ApJ},
year = {2013},
volume = {775},
number = {2},
pages = {93},
month = sep
}

@article{Bower:ul,
author = {Bower, R G and Benson, A J and Crain, Robert A},
title = {{What shapes the galaxy mass function? Exploring the roles of supernova-driven winds and active galactic nuclei}},
journal = {mnras.oxfordjournals.org}
}

@article{Behroozi:2013fg,
author = {Behroozi, Peter S and Wechsler, Risa H and Conroy, Charlie},
title = {{THE AVERAGE STAR FORMATION HISTORIES OF GALAXIES IN DARK MATTER HALOS FROM z= 0-8}},
journal = {ApJ},
year = {2013},
volume = {770},
number = {1},
pages = {57},
month = may
}

@article{deBarros:2012wa,
author = {de Barros, S. and Schaerer, D. and Stark, D P},
title = {{Properties of z ~ 3 to z ~ 6 Lyman Break Galaxies. I. Impact of nebular emission at high redshift}},
journal = {eprint arXiv:1207.3663},
year = {2012},
month = jul
}

@article{Pirzkal:2013ug,
author = {Pirzkal, Nor and Rothberg, Barry and Ryan, Russell and Coe, Dan and Malhotra, Sangeeta and Rhoads, James and Noeske, Kai},
title = {{Real or Interloper? The Redshift Likelihoods of z>8 Galaxies in the HUDF12}},
year = {2013},
month = apr
}

@article{Smit:2012is,
author = {Smit, Renske and Bouwens, Rychard J and Franx, Marijn and Illingworth, Garth D and Labb{\'e}, Ivo and Oesch, Pascal A and van Dokkum, Pieter G},
title = {{THE STAR FORMATION RATE FUNCTION FOR REDSHIFT z∼ 4-7 GALAXIES: EVIDENCE FOR A UNIFORM BUILDUP OF STAR-FORMING GALAXIES DURING THE FIRST 3 Gyr OF COSMIC TIME}},
journal = {ApJ},
year = {2012},
volume = {756},
number = {1},
pages = {14},
month = aug
}

@article{Shim:2011cw,
author = {Shim, Hyunjin and Chary, Ranga-Ram and Dickinson, Mark and Lin, Lihwai and Spinrad, Hyron and Stern, Daniel and Yan, Chi-Hung},
title = {{z∼ 4 H$\alpha$ EMITTERS IN THE GREAT OBSERVATORIES ORIGINS DEEP SURVEY: TRACING THE DOMINANT MODE FOR GROWTH OF GALAXIES}},
journal = {ApJ},
year = {2011},
volume = {738},
number = {1},
pages = {69},
month = aug
}

@article{Grazian:2006ig,
author = {Grazian, A and Fontana, A and De Santis, C and Nonino, M and Salimbeni, S and Giallongo, E and Cristiani, S and Gallozzi, S and Vanzella, E},
title = {{The GOODS-MUSIC sample: a multicolour catalog of near-IR selected galaxies in the GOODS-South field}},
journal = {A{\&}A},
year = {2006},
volume = {449},
number = {3},
pages = {951--968},
month = apr
}

@article{2006MNRAS.370..645B,
author = {Bower, R G and Benson, A J and Malbon, R and Helly, J C and Frenk, C S and Baugh, C M and Cole, S and Lacey, C G},
title = {{Breaking the hierarchy of galaxy formation}},
journal = {Monthly Notices of the Royal Astronomical Society},
year = {2006},
volume = {370},
number = {2},
pages = {645--655},
month = aug
}

@article{Madau:2005hr,
author = {Madau, Piero and Silk, Joseph},
title = {{Population III and the Near-Infrared Background Excess}},
journal = {arXiv},
year = {2005},
eprint = {astro-ph/0502304v2},
eprinttype = {arxiv},
eprintclass = {astro-ph},
month = feb
}

@article{Wuyts:2008hi,
author = {Wuyts, Stijn and Labb{\'e}, Ivo and Schreiber, Natascha M F{\"o}rster and Franx, Marijn and Rudnick, Gregory and Brammer, Gabriel B and van Dokkum, Pieter G},
title = {{FIREWORKS U38--to--24 $\mu$m Photometry of the GOODS Chandra Deep Field--South: Multiwavelength Catalog and Total Infrared Properties of Distant Ks‐selected Galaxies}},
journal = {ApJ},
year = {2008},
volume = {682},
number = {2},
pages = {985--1003},
month = aug
}

@article{Cooper:2011fl,
author = {Cooper, Michael C and Aird, James A and Coil, Alison L and Davis, Marc and Faber, S M and Juneau, St{\'e}phanie and Lotz, Jennifer M and Nandra, Kirpal and Newman, Jeffrey A and Willmer, Christopher N A and Yan, Renbin},
title = {{THE DEEP3 GALAXY REDSHIFT SURVEY: KECK/DEIMOS SPECTROSCOPY IN THE GOODS-N FIELD}},
journal = {ApJS},
year = {2011},
volume = {193},
number = {1},
pages = {14},
month = mar
}

@article{Stanway:2004gu,
author = {Stanway, Elizabeth R and Glazebrook, Karl and Bunker, Andrew J and Abraham, Roberto G and Hook, Isobel and Rhoads, James and McCarthy, Patrick J and Boyle, Brian and Colless, Matthew and Crampton, David and Couch, Warrick and Jrgensen, Inger and Malhotra, Sangeeta and Murowinski, Rick and Roth, Kathy and Savaglio, Sandra and Tsvetanov, Zlatan},
title = {{Three Ly Emitters at z6: Early GMOS/Gemini Data from the GLARE Project}},
journal = {ApJ},
year = {2004},
volume = {604},
number = {1},
pages = {L13--L16},
month = feb
}

@webpage{Anonymous:PnpcbZgX,
title = {{www.aanda.org/index.php?option=com_article{\&}access=bibcode{\&}Itemid=129{\&}bibcode=2008A%2526A...488..463MPDF}},
url = {http://www.aanda.org/index.php?option=com_article&access=bibcode&Itemid=129&bibcode=2008A%2526A...488..463MPDF}
}

@article{2009A&A...502..423S,
author = {Schaerer, D. and de Barros, S.},
title = {{The impact of nebular emission on the ages of z≈ 6 galaxies}},
journal = {A{\&}A},
year = {2009},
volume = {502},
number = {2},
pages = {423--426},
month = aug
}

@article{Maiolino:2008gs,
author = {Maiolino, R and Nagao, T and Grazian, A and Cocchia, F and Marconi, A and Mannucci, F and Cimatti, A and Pipino, A and Ballero, S and Calura, F and Chiappini, C and Fontana, A and Granato, G L and Matteucci, F and Pastorini, G and Pentericci, L and Risaliti, G and Salvati, M and Silva, L},
title = {{AMAZE}},
journal = {A{\&}A},
year = {2008},
volume = {488},
number = {2},
pages = {463--479},
month = sep
}

@article{Jones:2012kn,
author = {Jones, Tucker and Stark, Daniel P and Ellis, Richard S},
title = {{KECK SPECTROSCOPY OF FAINT 3 }},
journal = {ApJ},
year = {2012},
volume = {751},
number = {1},
pages = {51},
month = may
}

@article{LeFvre:2004ge,
author = {Le F{\`e}vre, O and Vettolani, G and Paltani, S and Tresse, L and Zamorani, G and Le Brun, V and Moreau, C and Bottini, D and Maccagni, D and Picat, J P and Scaramella, R and Scodeggio, M and Zanichelli, A and Adami, C and Arnouts, S and Bardelli, S and Bolzonella, M and Cappi, A and Charlot, S and Contini, T and Foucaud, S and Franzetti, P and Garilli, B and Gavignaud, I and Guzzo, L and Ilbert, O and Iovino, A and McCracken, H J and Mancini, D and Marano, B and Marinoni, C and Mathez, G and Mazure, A and Meneux, B and Merighi, R and Pell, R and Pollo, A and Pozzetti, L and Radovich, M and Zucca, E and Arnaboldi, M and Bondi, M and Bongiorno, A and Busarello, G and Ciliegi, P and Gregorini, L and Mellier, Y and Merluzzi, P and Ripepi, V and Rizzo, D},
title = {{The VIMOS VLT Deep Survey}},
journal = {A{\&}A},
year = {2004},
volume = {428},
number = {3},
pages = {1043--1049},
month = dec
}

@article{Vanzella:2009ez,
author = {Vanzella, E and Giavalisco, Mauro and Dickinson, Mark and Cristiani, S and Nonino, M and Kuntschner, H and Popesso, P and Rosati, P and Renzini, A and Stern, D and Cesarsky, C and Ferguson, Henry C and Fosbury, R A E},
title = {{SPECTROSCOPIC OBSERVATIONS OF LYMAN BREAK GALAXIES AT REDSHIFTS ∼4, 5, AND 6 IN THE GOODS-SOUTH FIELD}},
journal = {ApJ},
year = {2009},
volume = {695},
number = {2},
pages = {1163--1182},
month = apr
}

@article{1996ApJ...467...38K,
author = {Kinney, Anne L and Calzetti, Daniela and Bohlin, Ralph C and McQuade, Kerry and Storchi-Bergmann, Thaisa and Schmitt, Henrique R},
title = {{Template Ultraviolet to Near-Infrared Spectra of Star-forming Galaxies and Their Application to K-Corrections}},
journal = {Astrophysical Journal v.467},
year = {1996},
volume = {467},
pages = {38},
month = aug
}

@article{Vanzella:2008hp,
author = {Vanzella, E and Cristiani, S and Dickinson, Mark and Giavalisco, Mauro and Kuntschner, H and Haase, J and Nonino, M and Rosati, P and Cesarsky, C and Ferguson, Henry C and Fosbury, R A E and Grazian, A and Moustakas, Leonidas A and Rettura, A and Popesso, P and Renzini, A and Stern, D and GOODS Team, the},
title = {{The great observatories origins deep survey}},
journal = {A{\&}A},
year = {2008},
volume = {478},
number = {1},
pages = {83--92},
month = jan
}

@article{Stark:2010hv,
author = {Stark, Daniel P and Ellis, Richard S and Chiu, Kuenley and Ouchi, Masami and Bunker, Andrew},
title = {{Keck spectroscopy of faint 3 }},
journal = {Monthly Notices of the Royal Astronomical Society},
year = {2010},
volume = {408},
number = {3},
pages = {1628--1648},
month = sep
}

@article{Hathi:2008ca,
author = {Hathi, N P and Malhotra, S and Rhoads, J E},
title = {{Starburst Intensity Limit of Galaxies at z5- 6}},
journal = {ApJ},
year = {2008},
volume = {673},
number = {2},
pages = {686--693},
month = feb
}

@article{2007ApJ...671.1212O,
author = {Oesch, Pascal A and Stiavelli, M and Carollo, C M and Bergeron, L E and Koekemoer, Anton M and Lucas, R A and Pavlovsky, C M and Trenti, Michele and Lilly, S J and Beckwith, S V W and Dahlen, Tomas and Ferguson, Henry C and Gardner, Jonathan P and Lacey, C and Mobasher, B and Panagia, N and Rix, H W},
title = {{The UDF05 Follow-up of the Hubble Ultra Deep Field. I. The Faint-End Slope of the Lyman Break Galaxy Population at z ~ 5}},
journal = {ApJ},
year = {2007},
volume = {671},
number = {2},
pages = {1212--1226},
month = dec
}

@article{Popesso:2009ht,
author = {Popesso, P and Dickinson, Mark and Nonino, M and Vanzella, E and Daddi, Emanuele and Fosbury, R A E and Kuntschner, H and Mainieri, V and Cristiani, S and Cesarsky, C and Giavalisco, Mauro and Renzini, A and GOODS Team, the},
title = {{The great observatories origins deep survey}},
journal = {A{\&}A},
year = {2009},
volume = {494},
number = {2},
pages = {443--460},
month = feb
}

@article{Rhoads:2009eb,
author = {Rhoads, James E and Malhotra, Sangeeta and Pirzkal, Norbert and Dickinson, Mark and Cohen, Seth and Grogin, Norman and Hathi, Nimish and Xu, Chun and Ferreras, Ignacio and Gronwall, Caryl and Koekemoer, Anton and K{\"u}mmel, Martin and Meurer, Gerhardt and Panagia, Nino and Pasquali, Anna and Ryan, Russell and Straughn, Amber and Walsh, Jeremy and Windhorst, Rogier A and Yan, Hao-Jing},
title = {{SPECTROSCOPIC CONFIRMATION OF FAINT LYMAN BREAK GALAXIES NEAR REDSHIFT FIVE IN THE HUBBLE ULTRA DEEP FIELD}},
journal = {ApJ},
year = {2009},
volume = {697},
number = {1},
pages = {942--949},
month = may
}

@article{Balestra:2010bt,
author = {Balestra, I and Mainieri, V and Popesso, P and Dickinson, Mark and Nonino, M and Rosati, P and Teimoorinia, H and Vanzella, E and Cristiani, S and Cesarsky, C and Fosbury, R A E and Kuntschner, H and Rettura, A and {the GOODS team}},
title = {{The Great Observatories Origins Deep Survey}},
journal = {A{\&}A},
year = {2010},
volume = {512},
pages = {A12},
month = mar
}

@article{Kurk:2012ej,
author = {Kurk, J and Cimatti, A and Daddi, Emanuele and Mignoli, M and Pozzetti, L and Dickinson, Mark and Bolzonella, M and Zamorani, G and Cassata, P and Rodighiero, G and Franceschini, A and Renzini, A and Rosati, P and Halliday, C and Berta, S},
title = {{GMASS ultradeep spectroscopy of galaxies at z ~  2}},
journal = {A{\&}A},
year = {2012},
volume = {549},
pages = {A63},
month = dec
}

@article{Wuyts:2009gv,
author = {Wuyts, Stijn and van Dokkum, Pieter G and Franx, Marijn and Schreiber, Natascha M F{\"o}rster and Illingworth, Garth D and Labb{\'e}, Ivo and Rudnick, Gregory},
title = {{OPTICAL SPECTROSCOPY OF DISTANT RED GALAXIES}},
journal = {ApJ},
year = {2009},
volume = {706},
number = {1},
pages = {885--895},
month = nov
}

@article{Finkelstein:2012hr,
author = {Finkelstein, Steven L and Papovich, Casey and Ryan, Russell E and Pawlik, Andreas H and Dickinson, Mark and Ferguson, Henry C and Finlator, Kristian and Koekemoer, Anton M and Giavalisco, Mauro and Cooray, Asantha Roshan and Dunlop, James S and Faber, Sandy M and Grogin, Norman A and Kocevski, Dale D and Newman, Jeffrey A},
title = {{CANDELS: THE CONTRIBUTION OF THE OBSERVED GALAXY POPULATION TO COSMIC REIONIZATION}},
journal = {ApJ},
year = {2012},
volume = {758},
number = {2},
pages = {93},
month = oct
}

@article{Fernandez:2011cw,
author = {Fernandez, Elizabeth and Shull, J Michael},
title = {{THE EFFECT OF GALACTIC PROPERTIES ON THE ESCAPE FRACTION OF IONIZING PHOTONS}},
journal = {ApJ},
year = {2011},
volume = {731},
number = {1},
pages = {20},
month = mar
}

@article{Yajima:2010fb,
author = {Yajima, Hidenobu and Choi, Jun-Hwan and Nagamine, Kentaro},
title = {{Escape fraction of ionizing photons from high-redshift galaxies in cosmological SPH simulations}},
journal = {Monthly Notices of the Royal Astronomical Society},
year = {2010},
volume = {412},
number = {1},
pages = {411--422},
month = dec
}

@article{Chabrier:2003ki,
author = {Chabrier, Gilles},
title = {{Galactic Stellar and Substellar Initial Mass Function}},
journal = {arXiv},
year = {2003},
eprint = {astro-ph/0304382v2},
eprinttype = {arxiv},
eprintclass = {astro-ph},
month = apr
}

@article{Huang:2013kb,
author = {Huang, Kuang-Han and Ferguson, Henry C and Ravindranath, Swara and Su, Jian},
title = {{THE BIVARIATE SIZE-LUMINOSITY RELATIONS FOR LYMAN BREAK GALAXIES AT z∼ 4-5}},
journal = {ApJ},
year = {2013},
volume = {765},
number = {1},
pages = {68},
month = feb
}

@article{Moster:2011ip,
author = {Moster, Benjamin P and Somerville, Rachel S and Newman, Jeffrey A and Rix, Hans-Walter},
title = {{A COSMIC VARIANCE COOKBOOK}},
journal = {ApJ},
year = {2011},
volume = {731},
number = {2},
pages = {113},
month = mar
}

@article{2005MNRAS.360..159B,
author = {Blaizot, J{\'e}r{\'e}my and Wadadekar, Yogesh and Guiderdoni, Bruno and Colombi, St{\'e}phane T and Bertin, Emmanuel and Bouchet, Fran{\c c}ois R and Devriendt, Julien E G and Hatton, Steve},
title = {{MoMaF: the Mock Map Facility}},
journal = {Monthly Notices of the Royal Astronomical Society},
year = {2005},
volume = {360},
number = {1},
pages = {159--175},
month = jun
}

@article{Nonino:2009hf,
author = {Nonino, M and Dickinson, Mark and Rosati, P and Grazian, A and Reddy, N and Cristiani, S and Giavalisco, Mauro and Kuntschner, H and Vanzella, E and Daddi, Emanuele and Fosbury, R A E and Cesarsky, C},
title = {{DEEP UBAND AND RIMAGING OF GOODS-SOUTH: OBSERVATIONS, DATA REDUCTION AND FIRST RESULTS,}},
journal = {ApJS},
year = {2009},
volume = {183},
number = {2},
pages = {244--260},
month = jul
}

@article{Retzlaff:2010co,
author = {Retzlaff, J and Rosati, P and Dickinson, Mark and Vandame, B and Rit{\'e}, C and Nonino, M and Cesarsky, C and {the GOODS team}},
title = {{The Great Observatories Origins Deep Survey}},
journal = {A{\&}A},
year = {2010},
volume = {511},
pages = {A50},
month = mar
}

@article{Oesch:2009ew,
author = {Oesch, Pascal A and Bouwens, Rychard J and Illingworth, Garth D and Carollo, C M and Franx, Marijn and Labb{\'e}, I and Magee, D and Stiavelli, M and Trenti, Michele and van Dokkum, Pieter G},
title = {{z∼ 7 GALAXIES IN THE HUDF: FIRST EPOCH WFC3/IR RESULTS}},
journal = {ApJ},
year = {2009},
volume = {709},
number = {1},
pages = {L16--L20},
month = dec
}

@article{Dekel:2013id,
author = {Dekel, A and Zolotov, A and Tweed, D and Cacciato, M and Ceverino, D and Primack, J R},
title = {{Toy models for galaxy formation versus simulations}},
journal = {Monthly Notices of the Royal Astronomical Society},
year = {2013},
volume = {435},
number = {2},
pages = {999--1019},
month = sep
}

@article{Neistein:2007fg,
author = {Neistein, Eyal and Dekel, Avishai},
title = {{Constructing merger trees that mimic N-body simulations}},
journal = {Monthly Notices of the Royal Astronomical Society},
year = {2007},
volume = {383},
number = {2},
pages = {615--626},
month = dec
}

@article{Lorenzoni:2011iz,
author = {Lorenzoni, Silvio and Bunker, Andrew J and Wilkins, Stephen M and Stanway, Elizabeth R and Jarvis, Matt J and Caruana, Joseph},
title = {{Star-forming galaxies at z≈ 8-9 from Hubble Space Telescope/WFC3: implications for reionization}},
journal = {Monthly Notices of the Royal Astronomical Society},
year = {2011},
volume = {414},
number = {2},
pages = {1455--1466},
month = may
}

@article{Gall:2011hr,
author = {Gall, C and Hjorth, J and Andersen, A C},
title = {{Production of dust by massive stars at high redshift}},
journal = {arXiv},
year = {2011},
eprint = {1108.0403v1},
eprinttype = {arxiv},
eprintclass = {astro-ph.CO},
month = aug
}

@webpage{Giavalisco:2011wx,
author = {Giavalisco, Mauro and M Dickinson and Ferguson, Henry C and Ravindranath, S and Kretchmer, C and Moustakas, Leonidas A and Madau, P and Fall, S M and Gardner, Jonathan P and Livio, M and Papovich, Casey and Renzini, A and Spinrad, H and Stern, D and Riess, Adam G},
title = {{THE REST-FRAME ULTRAVIOLET LUMINOSITY DENSITY OF STAR-FORMING GALAXIES AT REDSHIFTS z > 3.5}},
year = {2011},
month = oct
}

@article{McDonald:2011vq,
author = {McDonald, Michael},
title = {{Optical Line Emission in Brightest Cluster Galaxies at 0 }},
journal = {arXiv},
year = {2011},
eprint = {1110.5904v1},
eprinttype = {arxiv},
eprintclass = {astro-ph.CO},
month = oct
}

@article{2012ApJ...755..148G,
author = {Gonz{\'a}lez, Valentino and Bouwens, Rychard J and Labb{\'e}, Ivo and Illingworth, Garth D and Oesch, Pascal A and Franx, Marijn and Magee, Dan},
title = {{The Rest-frame UV-to-optical Colors and Spectral Energy Distributions of z ~ 4-7 Galaxies}},
journal = {arXiv},
year = {2012},
eprint = {1110.6441v1},
eprinttype = {arxiv},
eprintclass = {755},
number = {2},
pages = {148},
month = aug
}

@article{Weinmann:2011hh,
author = {Weinmann, Simone M and Neistein, Eyal and Dekel, Avishai},
title = {{On the puzzling plateau in the specific star formation rate at z= 2-7}},
journal = {Monthly Notices of the Royal Astronomical Society},
year = {2011},
volume = {417},
number = {4},
pages = {2737--2751},
month = sep
}

@article{Shapley:2011hy,
author = {Shapley, Alice E},
title = {{Physical Properties of Galaxies from z= 2--4}},
journal = {ANNU REV ASTRON ASTR},
year = {2011},
volume = {49},
number = {1},
pages = {525--580},
month = sep
}

@article{Robertson:2013ji,
author = {Robertson, Brant E and Furlanetto, Steven R and Schneider, Evan and Charlot, St{\'e}phane and Ellis, Richard S and Stark, Daniel P and McLure, Ross J and Dunlop, James S and Koekemoer, Anton and Schenker, Matthew A and Ouchi, Masami and Ono, Yoshiaki and Curtis-Lake, Emma and Rogers, Alexander B and Bowler, Rebecca A A and Cirasuolo, Michele},
title = {{NEW CONSTRAINTS ON COSMIC REIONIZATION FROM THE 2012 HUBBLE ULTRA DEEP FIELD CAMPAIGN}},
journal = {ApJ},
year = {2013},
volume = {768},
number = {1},
pages = {71},
month = apr
}

@article{Stark:2013ix,
author = {Stark, Daniel P and Schenker, Matthew A and Ellis, Richard and Robertson, Brant and McLure, Ross and Dunlop, James},
title = {{KECK SPECTROSCOPY OF 3 }},
journal = {ApJ},
year = {2013},
volume = {763},
number = {2},
pages = {129},
month = jan
}

@article{Schenker:2013cl,
author = {Schenker, Matthew A and Robertson, Brant E and Ellis, Richard S and Ono, Yoshiaki and McLure, Ross J and Dunlop, James S and Koekemoer, Anton and Bowler, Rebecca A A and Ouchi, Masami and Curtis-Lake, Emma and Rogers, Alexander B and Schneider, Evan and Charlot, St{\'e}phane and Stark, Daniel P and Furlanetto, Steven R and Cirasuolo, Michele},
title = {{THE UV LUMINOSITY FUNCTION OF STAR-FORMING GALAXIES VIA DROPOUT SELECTION AT REDSHIFTS z∼ 7 AND 8 FROM THE 2012 ULTRA DEEP FIELD CAMPAIGN}},
journal = {ApJ},
year = {2013},
volume = {768},
number = {2},
pages = {196},
month = apr
}

@article{Ouchi:2009jd,
author = {Ouchi, Masami and Mobasher, Bahram and Shimasaku, Kazuhiro and Ferguson, Henry C and Fall, S. Michael and Ono, Yoshiaki and Kashikawa, Nobunari and Morokuma, Tomoki and Nakajima, Kimihiko and Okamura, Sadanori and Dickinson, Mark and Giavalisco, Mauro and Ohta, Kouji},
title = {{LARGE AREA SURVEY FOR z= 7 GALAXIES IN SDF AND GOODS-N: IMPLICATIONS FOR GALAXY FORMATION AND COSMIC REIONIZATION}},
journal = {ApJ},
year = {2009},
volume = {706},
number = {2},
pages = {1136--1151},
month = nov
}

@article{Krumholz:2012hh,
author = {Krumholz, Mark R and Dekel, Avishai},
title = {{METALLICITY-DEPENDENT QUENCHING OF STAR FORMATION AT HIGH REDSHIFT IN SMALL GALAXIES}},
journal = {ApJ},
year = {2012},
volume = {753},
number = {1},
pages = {16},
month = jun
}

@article{Dunlop:2013kp,
author = {Dunlop, James S and Rogers, A B and McLure, R J and Ellis, Richard S and Robertson, B. E. and Koekemoer, A and Dayal, P and Curtis-Lake, E and Wild, V and Charlot, S and Bowler, R. A. A. and Schenker, M A and Ouchi, M and Ono, Y and Cirasuolo, Michele and Furlanetto, S R and Stark, D P and Targett, T A and Schneider, E},
title = {{The UV continua and inferred stellar populations of galaxies at z  = 7-9 revealed by the Hubble Ultra-Deep Field 2012 campaign}},
journal = {Monthly Notices of the Royal Astronomical Society},
year = {2013},
volume = {432},
number = {4},
pages = {3520--3533},
month = jun
}

@article{Conselice:2011ia,
author = {Conselice, Christopher J and Bluck, A F L and Buitrago, F and Bauer, A E and Gruetzbauch, Ruth and Bouwens, Rychard J and Bevan, S and Mortlock, Alice and Dickinson, Mark and Daddi, Emanuele and Yan, Hao-Jing and Scott, Douglas and Chapman, S C and Chary, Ranga-Ram and Ferguson, Henry C and Giavalisco, Mauro and Grogin, Norman A and Illingworth, Garth D and Jogee, S and Koekemoer, Anton M and Lucas, Ray A and Mobasher, B and Moustakas, Leonidas A and Papovich, Casey and Ravindranath, S and Siana, B and Teplitz, Harry I and Trujillo, I and Urry, M and Weinzirl, T},
title = {{The Hubble Space Telescope GOODS NICMOS Survey: overview and the evolution of massive galaxies at 1.5}},
journal = {Monthly Notices of the Royal Astronomical Society},
year = {2011},
volume = {413},
number = {1},
pages = {80--100},
month = feb
}

@article{Thompson:2007wz,
author = {Thompson, Rodger I and Eisenstein, Daniel and Fan, Xiaohui and Rieke, Marcia J and Kennicutt, Robert C},
title = {{Evidence for az}},
journal = {ApJ},
year = {2007},
volume = {666},
pages = {658}
}

@article{Hartley:2010bm,
author = {Hartley, Will G and Almaini, Omar and Cirasuolo, Michele and Foucaud, S and Simpson, C and Conselice, Christopher J and Smail, I and McLure, R J and Dunlop, James S and Chuter, R W and Maddox, S and Lane, K P and Bradshaw, E J},
title = {{The evolution of galaxy clustering since z= 3 using the UKIDSS Ultra Deep Survey: the divergence of passive and star-forming galaxies}},
journal = {Monthly Notices of the Royal Astronomical Society},
year = {2010},
volume = {407},
number = {2},
pages = {1212--1222},
month = jul
}

@article{Gonzalez:2011dn,
author = {Gonz{\'a}lez, Valentino and Labb{\'e}, Ivo and Bouwens, Rychard J and Illingworth, Garth D and Franx, Marijn and Kriek, Mariska},
title = {{EVOLUTION OF GALAXY STELLAR MASS FUNCTIONS, MASS DENSITIES, AND MASS-TO-LIGHT RATIOS FROM z∼ 7 TO z∼ 4}},
journal = {ApJ},
year = {2011},
volume = {735},
number = {2},
pages = {L34},
month = jun
}

@book{Osterbrock:2006ul,
author = {Osterbrock, Donald E and Ferland, G J},
title = {{Astrophysics of Gaseous Nebulae and Active Galactic Nuclei}},
publisher = {Univ Science Books},
year = {2006}
}

@article{Finkelstein:2010fw,
author = {Finkelstein, Steven L and Papovich, Casey and Giavalisco, Mauro and Reddy, Naveen A and Ferguson, Henry C and Koekemoer, Anton M and Dickinson, Mark},
title = {{ON THE STELLAR POPULATIONS AND EVOLUTION OF STAR-FORMING GALAXIES AT 6.3 }},
journal = {ApJ},
year = {2010},
volume = {719},
number = {2},
pages = {1250--1273},
month = jul
}

@article{Tilvi:2010eq,
author = {Tilvi, Vithal and Rhoads, James E and Hibon, Pascale and Malhotra, Sangeeta and Wang, Junxian and Veilleux, Sylvain and Swaters, Rob and Probst, Ron and Krug, Hannah and Finkelstein, Steven L and Dickinson, Mark},
title = {{THE LUMINOSITY FUNCTION OF Ly$\alpha$ EMITTERS AT REDSHIFT z= 7.7}},
journal = {ApJ},
year = {2010},
volume = {721},
number = {2},
pages = {1853--1860},
month = sep
}

@webpage{Bouwens:2011tj,
author = {R J Bouwens and Illingworth, Garth D and Oesch, PA and Franx, Marijn and e, I Labb and Trenti, Michele and van Dokkum, Pieter G and Carollo, C M and lez, V Gonza and Magee, D},
title = {{U V -CONTINUUM SLOPES AT Z ∼ 4 − 7 FROM THE HUDF09+ERS+CANDELS OBSERVATIONS: DISCOVERY OF A WELL-DEFINED U V -COLOR MAGNITUDE RELATIONSHIP FOR Z ≥ 4 STAR-FORMING GALAXIES}},
year = {2011},
month = oct
}

@article{Trenti:2011tx,
author = {Trenti, Michele and Bradley, L D and Stiavelli, M and Shull, J M and Oesch, Pascal A and Bouwens, Rychard J},
title = {{Overdensities of Y-dropout Galaxies from the Brightest-of-Reionizing Galaxies Survey: A Candidate Protocluster at Redshift z=8}},
year = {2011},
pages = {29},
month = oct
}

@article{Oesch:2011wb,
author = {Oesch, Pascal A and Bouwens, Rychard J and Illingworth, Garth D and Labb{\'e}, I and Trenti, Michele and Gonz{\'a}lez, Valentino and Carollo, C M and Franx, Marijn and van Dokkum, Pieter G and Magee, D},
title = {{Expanded Search for z~10 Galaxies from HUDF09, ERS, and CANDELS Data: Evidence for Accelerated Evolution at z>8?}},
journal = {arXiv},
year = {2011},
eprint = {1105.2297v2},
eprinttype = {arxiv},
eprintclass = {astro-ph.CO},
month = may,
annote = {What is the expected number of z~2.5 galaxies of the magnitude matching the observed H band magnitude based on those with stronger IRAC detections? (And other luminosity functions at that redshift)
}
}

@article{Bouwens:2010kf,
author = {Bouwens, Rychard J and Illingworth, Garth D and Gonz{\'a}lez, Valentino and Labb{\'e}, Ivo and Franx, Marijn and Conselice, Christopher J and Blakeslee, John and van Dokkum, Pieter G and Holden, Brad and Magee, Dan and Marchesini, Danilo and Zheng, Wei},
title = {{z∼ 7 GALAXY CANDIDATES FROM NICMOS OBSERVATIONS OVER THE HDF-SOUTH AND THE CDF-SOUTH AND HDF-NORTH GOODS FIELDS}},
journal = {ApJ},
year = {2010},
volume = {725},
number = {2},
pages = {1587--1599},
month = nov
}

@article{McLure:2010hq,
author = {McLure, R J and Dunlop, James S and Cirasuolo, Michele and Koekemoer, Anton M and Sabbi, E and Stark, D P and Targett, T A and Ellis, Richard S},
title = {{Galaxies at z= 6-9 from the WFC3/IR imaging of the Hubble Ultra Deep Field}},
journal = {Monthly Notices of the Royal Astronomical Society},
year = {2010},
volume = {403},
number = {2},
pages = {960--983},
month = feb
}

@article{Bunker:2010gx,
author = {Bunker, Andrew J and Wilkins, Stephen M and Ellis, Richard S and Stark, Daniel P and Lorenzoni, Silvio and Chiu, Kuenley and Lacy, Mark and Jarvis, Matt J and Hickey, Samantha},
title = {{The contribution of high-redshift galaxies to cosmic reionization: new results from deep WFC3 imaging of the Hubble Ultra Deep Field}},
journal = {Monthly Notices of the Royal Astronomical Society},
year = {2010},
volume = {409},
number = {2},
pages = {855--866},
month = sep
}

@article{2011A&A...532A..33G,
author = {Grazian, A and Castellano, M and Koekemoer, Anton M and Fontana, A and Pentericci, L and Testa, V and Boutsia, K and Giallongo, E and Giavalisco, Mauro and Santini, P},
title = {{A critical analysis of the UV luminosity function at redshift ~7 from deep WFC3 data}},
journal = {A{\&}A},
year = {2011},
volume = {532},
pages = {33},
month = aug
}

@article{1988MNRAS.232..431E,
author = {Efstathiou, G and Ellis, Richard S and Peterson, Bruce A},
title = {{Analysis of a complete galaxy redshift survey. II - The field-galaxy luminosity function}},
journal = {Monthly Notices of the Royal Astronomical Society (ISSN 0035-8711)},
year = {1988},
volume = {232},
pages = {431--461},
month = may
}

@article{2008MNRAS.385..687W,
author = {Wilkins, Stephen M and Trentham, Neil and Hopkins, Andrew M},
title = {{The evolution of stellar mass and the implied star formation history}},
journal = {Monthly Notices of the Royal Astronomical Society},
year = {2008},
volume = {385},
number = {2},
pages = {687--694},
month = apr
}

@article{PerezGonzalez:2008cq,
author = {P{\'e}rez Gonz{\'a}lez, Pablo G and Rieke, George H and Villar, Victor and Barro, Guillermo and Blaylock, Myra and Egami, Eiichi and Gallego, Jes{\'u}s and Gil de Paz, Armando and Pascual, Sergio and Zamorano, Jaime and Donley, Jennifer L},
title = {{The Stellar Mass Assembly of Galaxies from z= 0 to z= 4: Analysis of a Sample Selected in the Rest‐Frame Near‐Infrared with Spitzer}},
journal = {ApJ},
year = {2008},
volume = {675},
number = {1},
pages = {234--261},
month = mar
}

@article{Marchesini:2009ef,
author = {Marchesini, Danilo and van Dokkum, Pieter G and F{\"o}rster Schreiber, Natascha M and Franx, Marijn and Labb{\'e}, Ivo and Wuyts, Stijn},
title = {{THE EVOLUTION OF THE STELLAR MASS FUNCTION OF GALAXIES FROM z= 4.0 AND THE FIRST COMPREHENSIVE ANALYSIS OF ITS UNCERTAINTIES: EVIDENCE FOR MASS-DEPENDENT EVOLUTION}},
journal = {ApJ},
year = {2009},
volume = {701},
number = {2},
pages = {1765--1796},
month = aug
}

@article{Kobayashi:2012wf,
author = {Kobayashi, Masakazu A R and Inoue, Yoshiyuki and Inoue, Akio K},
title = {{Revisiting the Cosmic Star Formation History: Caution on the Uncertainties in Dust Correction and Star Formation Rate Conversion}},
journal = {arXiv},
year = {2012},
eprint = {1208.0489v3},
eprinttype = {arxiv},
eprintclass = {astro-ph.CO},
month = aug
}

@article{Schechter:1976gl,
author = {Schechter, P},
title = {{An analytic expression for the luminosity function for galaxies.}},
journal = {ApJ},
year = {1976},
volume = {203},
pages = {297--306},
month = jan
}

@article{Conroy:2013dk,
author = {Conroy, Charlie},
title = {{Modeling the Panchromatic Spectral Energy Distributions of Galaxies}},
journal = {ANNU REV ASTRON ASTR},
year = {2013},
volume = {51},
number = {1},
pages = {393--455},
month = jan
}

@article{Laidler:2007iy,
author = {Laidler, Victoria G and Papovich, Casey and Grogin, Norman A and Idzi, Rafal and Dickinson, Mark and Ferguson, Henry C and Hilbert, Bryan and Clubb, Kelsey and Ravindranath, Swara},
title = {{TFIT: A Photometry Package Using Prior Information for Mixed‐Resolution Data Sets}},
journal = {PUBL ASTRON SOC PAC},
year = {2007},
volume = {119},
number = {861},
pages = {1325--1344},
month = nov
}

@article{Mortlock:2013dg,
author = {Mortlock, Alice and Conselice, Christopher J and Hartley, Will G and Ownsworth, J R and Lani, C and Bluck, A F L and Almaini, Omar and Duncan, K and Wel, A v d and Koekemoer, Anton M and Dekel, A and Dav{\'e}, R and Ferguson, Henry C and de Mello, D F and Newman, J A and Faber, S M and Grogin, N A and Kocevski, D D and Lai, K},
title = {{The redshift and mass dependence on the formation of the Hubble sequence at z > 1 from CANDELS/UDS}},
journal = {Monthly Notices of the Royal Astronomical Society},
year = {2013},
volume = {433},
number = {2},
pages = {1185--1201},
month = jul
}

@article{Hartley:2013cn,
author = {Hartley, Will G and Almaini, Omar and Mortlock, Alice and Conselice, Christopher J and Gruetzbauch, Ruth and Simpson, C and Bradshaw, E J and Chuter, R W and Foucaud, S and Cirasuolo, Michele and Dunlop, James S and McLure, R J and Pearce, H J},
title = {{Studying the emergence of the red sequence through galaxy clustering: host halo masses at z > 2}},
journal = {Monthly Notices of the Royal Astronomical Society},
year = {2013},
volume = {431},
number = {4},
pages = {3045--3059},
month = may
}

@article{Kuhlen:2012ka,
author = {Kuhlen, Michael and Faucher-Gigu{\`e}re, Claude-Andr{\'e}},
title = {{Concordance models of reionization: implications for faint galaxies and escape fraction evolution}},
journal = {Monthly Notices of the Royal Astronomical Society},
year = {2012},
volume = {423},
number = {1},
pages = {862--876},
month = apr
}

@article{Bolton:2007gc,
author = {Bolton, J S and Haehnelt, M G},
title = {{The observed ionization rate of the intergalactic medium and the ionizing emissivity at z >= 5: evidence for a photon-starved and extended epoch of reionization}},
journal = {Monthly Notices of the Royal Astronomical Society},
year = {2007},
volume = {382},
number = {1},
pages = {325--341},
month = nov
}

@article{Ciardi:2012hl,
author = {Ciardi, B and Bolton, J S and Maselli, A and Graziani, L},
title = {{The effect of intergalactic helium on hydrogen reionization: implications for the sources of ionizing photons at z>6}},
journal = {Monthly Notices of the Royal Astronomical Society},
year = {2012},
volume = {423},
number = {1},
pages = {558--574},
month = apr
}

@article{Jensen:2012ky,
author = {Jensen, H and Laursen, P and Mellema, G and Iliev, I T and Sommer-Larsen, J and Shapiro, P R},
title = {{On the use of Ly  emitters as probes of reionization}},
journal = {Monthly Notices of the Royal Astronomical Society},
year = {2012},
volume = {428},
number = {2},
pages = {1366--1381},
month = nov
}

@article{2007ApJ...670..928B,
author = {Bouwens, Rychard J and Illingworth, Garth D and Franx, Marijn and Ford, Holland},
title = {{UV Luminosity Functions at z~4, 5, and 6 from the Hubble Ultra Deep Field and Other Deep Hubble Space Telescope ACS Fields: Evolution and Star Formation History}},
journal = {ApJ},
year = {2007},
volume = {670},
number = {2},
pages = {928--958},
month = dec
}

@article{Bouwens:2010dk,
author = {Bouwens, Rychard J and Illingworth, Garth D and Oesch, Pascal A and Stiavelli, M and van Dokkum, Pieter G and Trenti, Michele and Magee, D and Labb{\'e}, I and Franx, Marijn and Carollo, C M and Gonz{\'a}lez, Valentino},
title = {{DISCOVERY OF z∼ 8 GALAXIES IN THE HUBBLE ULTRA DEEP FIELD FROM ULTRA-DEEP WFC3/IR OBSERVATIONS}},
journal = {ApJ},
year = {2010},
volume = {709},
number = {2},
pages = {L133--L137},
month = jan
}

@article{Labbe:2010ho,
author = {Labb{\'e}, I and Gonz{\'a}lez, Valentino and Bouwens, Rychard J and Illingworth, Garth D and Franx, Marijn and Trenti, Michele and Oesch, Pascal A and van Dokkum, Pieter G and Stiavelli, M and Carollo, C M and Kriek, M and Magee, D},
title = {{STAR FORMATION RATES AND STELLAR MASSES OF z= 7--8 GALAXIES FROM IRAC OBSERVATIONS OF THE WFC3/IR EARLY RELEASE SCIENCE AND THE HUDF FIELDS}},
journal = {ApJ},
year = {2010},
volume = {716},
number = {2},
pages = {L103--L108},
month = may
}

@article{2004ApJ...600L..93G,
author = {Giavalisco, Mauro and Ferguson, Henry C and Koekemoer, Anton M and Dickinson, Mark and Alexander, D M and Bauer, F E and Bergeron, J and Biagetti, C and Brandt, W N and Casertano, Stefano and Cesarsky, C and Chatzichristou, E and Conselice, Christopher J and Cristiani, S and Da Costa, L and Dahlen, Tomas and de Mello, D and Eisenhardt, P and Erben, T and Fall, S M and Fassnacht, C and Fosbury, R and Fruchter, A and Gardner, J P and Grogin, Norman A and Hook, R N and Hornschemeier, A E and Idzi, R and Jogee, S and Kretchmer, C and Laidler, V and Lee, K S and Livio, M and Lucas, R and Madau, P and Mobasher, B and Moustakas, Leonidas A and Nonino, M and Padovani, P and Papovich, Casey and Park, Y and Ravindranath, S and Renzini, A and Richardson, M and Riess, Adam G and Rosati, P and Schirmer, M and Schreier, E and Somerville, R S and Spinrad, H and Stern, D and Stiavelli, M and Strolger, L and Urry, C M and Vandame, B and Williams, R and Wolf, C},
title = {{The Great Observatories Origins Deep Survey: Initial results from optical and near-infrared imaging}},
journal = {ApJ},
year = {2004},
volume = {600},
number = {2},
pages = {L93--L98}
}

@article{Shapley:2003wi,
author = {Shapley, Alice E and Steidel, CC and Pettini, M},
title = {{Rest-Frame Ultraviolet Spectra of z~ 3 Lyman Break Galaxies}},
journal = {ApJ},
year = {2003}
}

@article{Gonzalez:2010hm,
author = {Gonz{\'a}lez, Valentino and Labb{\'e}, Ivo and Bouwens, Rychard J and Illingworth, Garth D and Franx, Marijn and Kriek, Mariska and Brammer, Gabriel B},
title = {{THE STELLAR MASS DENSITY AND SPECIFIC STAR FORMATION RATE OF THE UNIVERSE AT z∼ 7}},
journal = {ApJ},
year = {2010},
volume = {713},
number = {1},
pages = {115--130},
month = mar
}

@article{Page:2006cea,
author = {Page, L and Hinshaw, G and Komatsu, E and Nolta, M R and Spergel, D N and Bennett, C L and Barnes, C and Bean, R and Dunkley, J and Halpern, M and Hill, R S and Jarosik, N and Kogut, A and Limon, M and Meyer, S S and Odegard, N and Peiris, H V and Tucker, G S and Verde, L and Weiland, J L and Wollack, E and Wright, Edward L},
title = {{Three Year Wilkinson Microwave Anisotropy Probe (WMAP) Observations: Polarization Analysis}},
journal = {arXiv},
year = {2006},
eprint = {astro-ph/0603450v2},
eprinttype = {arxiv},
eprintclass = {astro-ph},
month = mar
}

@article{Muzzin:2009ks,
author = {Muzzin, Adam and Marchesini, Danilo and van Dokkum, Pieter G and Labb{\'e}, Ivo and Kriek, Mariska and Franx, Marijn},
title = {{A NEAR-INFRARED SPECTROSCOPIC SURVEY OF K-SELECTED GALAXIES AT z∼ 2.3: COMPARISON OF STELLAR POPULATION SYNTHESIS CODES AND CONSTRAINTS FROM THE REST-FRAME NIR}},
journal = {ApJ},
year = {2009},
volume = {701},
number = {2},
pages = {1839--1864},
month = aug
}

@article{2001ApJ...559..620P,
author = {Papovich, Casey and Dickinson, Mark and Ferguson, Henry C},
title = {{The Stellar Populations and Evolution of Lyman Break Galaxies}},
journal = {ApJ},
year = {2001},
volume = {559},
number = {2},
pages = {620--653},
month = oct
}

@article{2010A&A...511A..20C,
author = {Castellano, M and Fontana, A and Boutsia, K and Grazian, A and Pentericci, L and Bouwens, R and Dickinson, Mark and Giavalisco, Mauro and Santini, P and Cristiani, S and Fiore, F and Gallozzi, S and Giallongo, E and Maiolino, R and Mannucci, F and Menci, N and Moorwood, A and Nonino, M and Paris, D and Renzini, A and Rosati, P and Salimbeni, S and Testa, V and Vanzella, E},
title = {{Evidence of a fast evolution of the UV luminosity function beyond redshift 6 from a deep HAWK-I survey of the GOODS-S field}},
journal = {A{\&}A},
year = {2010},
volume = {511},
pages = {20},
month = feb
}

@article{2010A&A...524A..28C,
author = {Castellano, M and Fontana, A and Paris, D and Grazian, A and Pentericci, L and Boutsia, K and Santini, P and Testa, V and Dickinson, Mark and Giavalisco, Mauro and Bouwens, R and Cuby, J G and Mannucci, F and Cl{\'e}ment, B and Cristiani, S and Fiore, F and Gallozzi, S and Giallongo, E and Maiolino, R and Menci, N and Moorwood, A and Nonino, M and Renzini, A and Rosati, P and Salimbeni, S and Vanzella, E},
title = {{The bright end of the z ~ 7 UV luminosity function from a wide and deep HAWK-I survey}},
journal = {A{\&}A},
year = {2010},
volume = {524},
pages = {28},
month = dec
}

@article{Caputi:2010up,
author = {Caputi, Karina I and Cirasuolo, Michele and Dunlop, James S and McLure, R J and Farrah, D and Almaini, Omar},
title = {{The stellar mass function of the most massive galaxies at 3}},
journal = {arXiv},
year = {2010},
eprint = {1008.5244v2},
eprinttype = {arxiv},
eprintclass = {astro-ph.CO},
month = aug,
annote = {16 pages, 15 figures, 2 tables. Accepted for publication in MNRAS}
}

@article{PlanckCollaboration:2011kma,
author = {{Planck Collaboration} and Ade, P A R and Aghanim, N and Arnaud, M and Ashdown, M and Aumont, J and Baccigalupi, C and Baker, M and Balbi, A and Banday, A J and Barreiro, R B and Bartlett, J G and Battaner, E and Benabed, K and Bennett, K and Beno{\^\i}t, A and Bernard, J P and Bersanelli, M and Bhatia, R and Bock, J J and Bonaldi, A and Bond, J R and Borrill, J and Bouchet, F R and Bradshaw, T and Bremer, M and Bucher, M and Burigana, C and Butler, R C and Cabella, P and Cantalupo, C M and Cappellini, B and Cardoso, J F and Carr, R and Casale, M and Catalano, A and Cay{\'o}n, L and Challinor, A and Chamballu, A and Charra, J and Chary, Ranga-Ram and Chiang, L Y and Chiang, C and Christensen, P R and Clements, D L and Colombi, S and Couchot, F and Coulais, A and Crill, B P and Crone, G and Crook, M and Cuttaia, F and Danese, L and D'Arcangelo, O and Davies, R D and Davis, R J and de Bernardis, P and de Bruin, J and de Gasperis, G and de Rosa, A and de Zotti, G and Delabrouille, J and Delouis, J M and D{\'e}sert, F X and Dick, J and Dickinson, C and Dolag, K and Dole, H and Donzelli, S and Dore, O and D{\"o}rl, U and Douspis, M and Dupac, X and Efstathiou, G and En{\ss}lin, T A and Eriksen, H K and Finelli, F and Foley, S and Forni, O and Fosalba, P and Frailis, M and Franceschi, E and Freschi, M and Gaier, T C and Galeotta, S and Gallegos, J and Gandolfo, B and Ganga, K and Giard, M and Giardino, G and Gienger, G and Giraud-H{\'e}raud, Y and Gonz{\'a}lez, J and Gonz{\'a}lez-Nuevo, J and G{\'o}rski, K M and Gratton, S and Gregorio, A and Gruppuso, A and Guyot, G and Haissinski, J and Hansen, F K and Harrison, D and Helou, G and Henrot-Versill{\'e}, S and Hern{\'a}ndez-Monteagudo, C and Herranz, D and Hildebrandt, S R and Hivon, E and Hobson, M and Holmes, W A and Hornstrup, A and Hovest, W and Hoyland, R J and Huffenberger, K M and Jaffe, A H and Jagemann, T and Jones, W C and Juillet, J J and Juvela, M and Kangaslahti, P and Keih{\"a}nen, E and Keskitalo, R and Kisner, T S and Kneissl, R and Knox, L and Krassenburg, M and Kurki-Suonio, H and Lagache, G and L{\"a}hteenm{\"a}ki, A and Lamarre, J M and Lange, A E and Lasenby, A and Laureijs, R J and Lawrence, C R and Leach, S and Leahy, J P and Leonardi, R and Leroy, C and Lilje, P B and Linden-V{\o}rnle, M and L{\'o}pez-Caniego, M and Lowe, S and Lubin, P M and Mac{\'\i}as-P{\'e}rez, J F and Maciaszek, T and MacTavish, C J and Maffei, B and Maino, D and Mandolesi, N and Mann, R and Maris, M and Mart{\'\i}nez-Gonz{\'a}lez, E and Masi, S and Massardi, M and Matarrese, S and Matthai, F and Mazzotta, P and McDonald, A and McGehee, P and Meinhold, P R and Melchiorri, A and Melin, J B and Mendes, L and Mennella, A and Mevi, C and Miniscalco, R and Mitra, S and Miville-Desch{\^e}nes, M A and Moneti, A and Montier, L and Morgante, G and Morisset, N and Mortlock, D and Munshi, D and Murphy, A and Naselsky, P and Natoli, P and Netterfield, C B and N{\o}rgaard-Nielsen, H U and Noviello, F and Novikov, D and Novikov, I and O'Dwyer, I J and Ortiz, I and Osborne, S and Osuna, P and Oxborrow, C A and Pajot, F and Paladini, R and Partridge, B and Pasian, F and Passvogel, T and Patanchon, G and Pearson, D and Pearson, T J and Perdereau, O and Perotto, L and Perrotta, F and Piacentini, F and Piat, M and Pierpaoli, E and Plaszczynski, S and Platania, P and Pointecouteau, E and Polenta, G and Ponthieu, N and Popa, L and Poutanen, T and Pr{\'e}zeau, G and Prunet, S and Puget, J L and Rachen, J P and Reach, W T and Rebolo, R and Reinecke, M and Reix, J M and Renault, C and Ricciardi, S and Riller, T and Ristorcelli, I and Rocha, G and Rosset, C and Rowan-Robinson, M and Rubi{\~n}o-Mart{\'\i}n, J A and Rusholme, B and Salerno, E and Sandri, M and Santos, D and Savini, G and Schaefer, B M and Scott, D and Seiffert, M D and Shellard, P and Simonetto, A and Smoot, G F and Sozzi, C and Starck, J L and Sternberg, J and Stivoli, F and Stolyarov, V and Stompor, R and Stringhetti, L and Sudiwala, R and Sunyaev, R and Sygnet, J F and Tapiador, D and Tauber, J A and Tavagnacco, D and Taylor, D and Terenzi, L and Texier, D and Toffolatti, L and Tomasi, M and Torre, J P and Tristram, M and Tuovinen, J and T{\"u}rler, M and Tuttlebee, M and Umana, G and Valenziano, L and Valiviita, J and Varis, J and Vibert, L and Vielva, P and Villa, F and Vittorio, N and Wade, L A and Wandelt, B D and Watson, C and White, S D M and White, M and Wilkinson, A and Yvon, D and Zacchei, A and Zonca, A},
title = {{Planckearly results. I. The Planckmission}},
journal = {A{\&}A},
year = {2011},
volume = {536},
pages = {A1},
month = dec
}

@article{2005PhR...409..361K,
author = {Kashlinsky, Alexander},
title = {{Cosmic infrared background and early galaxy evolution [review article]}},
journal = {Physics Reports},
year = {2005},
volume = {409},
number = {6},
pages = {361--438},
month = apr
}

@article{2012ApJ...754...25R,
author = {Reddy, Naveen A and Pettini, Max and Steidel, Charles C and Shapley, Alice E and Erb, Dawn K and Law, David R},
title = {{The Characteristic Star Formation Histories of Galaxies at Redshifts z ~ 2-7}},
journal = {ApJ},
year = {2012},
volume = {754},
number = {1},
pages = {25},
month = jul
}

@article{Trac:2007vea,
author = {Trac, H. and Cen, R.},
title = {{Radiative transfer simulations of cosmic reionization. I. Methodology and initial results}},
journal = {ApJ},
year = {2007},
volume = {671},
pages = {1}
}

@article{Chary:2007fi,
author = {Chary, Ranga-Ram and Cooray, Asantha Roshan and Sullivan, Ian},
title = {{Contribution to Unresolved Infrared Fluctuations from Dwarf Galaxies at Redshifts of 2-3}},
journal = {arXiv},
year = {2007},
eprint = {0711.4099v2},
eprinttype = {arxiv},
eprintclass = {astro-ph},
month = nov
}

@article{Cooray:2003hw,
author = {Cooray, Asantha Roshan and Bock, James J and Keating, Brian and Lange, Andrew E and Matsumoto, T},
title = {{First Star Signature in Infrared Background Anisotropies}},
journal = {arXiv},
year = {2003},
eprint = {astro-ph/0308407v2},
eprinttype = {arxiv},
eprintclass = {astro-ph},
month = aug
}

@article{Fernandez:2010fw,
author = {Fernandez, Elizabeth and Komatsu, Eiichiro and Iliev, Ilian T and Shapiro, Paul R},
title = {{THE COSMIC NEAR-INFRARED BACKGROUND. II. FLUCTUATIONS}},
journal = {ApJ},
year = {2010},
volume = {710},
number = {2},
pages = {1089--1110},
month = jan
}

@article{Fernandez:2005br,
author = {Fernandez, Elizabeth and Komatsu, Eiichiro},
title = {{The Cosmic Near Infrared Background: Remnant Light from Early Stars}},
journal = {arXiv},
year = {2005},
eprint = {astro-ph/0508174v3},
eprinttype = {arxiv},
eprintclass = {astro-ph},
month = aug
}

@article{2012ApJ...754...83B,
author = {Bouwens, Rychard J and Illingworth, Garth D and Oesch, Pascal A and Franx, Marijn and Labb{\'e}, I and Trenti, Michele and van Dokkum, Pieter G and Carollo, C M and Gonz{\'a}lez, Valentino and Smit, R. and Magee, D},
title = {{UV-continuum Slopes at z ~ 4-7 from the HUDF09+ERS+CANDELS Observations: Discovery of a Well-defined UV Color-Magnitude Relationship for z >= 4 Star-forming Galaxies}},
journal = {ApJ},
year = {2012},
volume = {754},
number = {2},
pages = {83},
month = aug
}

@article{Cooray:2009vh,
author = {Cooray, Asantha Roshan and Amblard, Alexandre and Beichman, Charles and Benford, Dominic and Bernstein, Rebecca and Bock, James and Brodwin, Mark and Bromm, Volker and Cen, Renyue and Chary, Ranga-Ram and Devlin, Mark and Dolch, Timothy and Dole, Herve and Dwek, Eli and Elbaz, David and Fall, Michael and Fazio, Giovanni G and Ferguson, Henry C and Furlanetto, Steven and Gardner, Jonathan P and Giavalisco, Mauro and Gilmore, Rudy and Gnedin, Nickolay and Gonzalez, Anthony and Haiman, Zoltan and Hauser, Michael and Huang, Jiasheng and Ipatov, Sergei and Kashlinsky, Alexander and Keating, Brian and Kelsall, Thomas and Komatsu, Eiichiro and Lagache, Guilaine and Levenson, Louis and Loeb, Avi and Madau, Piero and Mather, John and Matsumoto, Toshio and Matsuura, Shuji and Mattila, Kalevi and Moseley, Harvey and Moustakas, Leonidas A and Oh, S Peng and Petro, Larry and Primack, Joel and Reach, William and Renbarger, Tom and Shapiro, Paul R and Stern, Daniel and Sullivan, Ian and Venkatesan, Aparna and Werner, Michael and Windhorst, Rogier and Wright, Edward L and Zemcov, Michael},
title = {{A New Era in Extragalactic Background Light Measurements: The Cosmic History of Accretion, Nucleosynthesis and Reionization}},
journal = {arXiv},
year = {2009},
eprint = {0902.2372v1},
eprinttype = {arxiv},
eprintclass = {astro-ph.CO},
month = feb
}

@article{2012arXiv1212.5222M,
author = {McLure, R J and Dunlop, James S and Bowler, R. A. A. and Curtis-Lake, E and Schenker, M. and Ellis, Richard S and Robertson, B. E. and Koekemoer, Anton M and Rogers, A B and Ono, Y and Ouchi, M and Charlot, S and Wild, V and Stark, D P and Furlanetto, S R and Cirasuolo, Michele and Targett, T A},
title = {{A new multi-field determination of the galaxy luminosity function at z=7-9 incorporating the 2012 Hubble Ultra Deep Field imaging}},
journal = {arXiv},
year = {2012},
eprint = {1212.5222},
eprinttype = {arxiv},
eprintclass = {1212},
pages = {5222},
month = dec,
annote = {25 pages, 7 figures, accepted for publication in MNRAS. Full data tables for all eight survey fields included in the appendix}
}

@article{Robertson:2010gk,
author = {Robertson, Brant E},
title = {{ESTIMATING LUMINOSITY FUNCTION CONSTRAINTS FROM HIGH-REDSHIFT GALAXY SURVEYS}},
journal = {ApJ},
year = {2010},
volume = {713},
number = {2},
pages = {1266--1281},
month = apr
}

@webpage{Anonymous:1plF3Rcd,
title = {{Discovery of bright z ≃ ...n the UltraVISTA survey}},
year = {2013},
month = jun
}

@article{Bowler:vl,
author = {Bowler, R. A. A. and Dunlop, James S and McLure, R J and McCracken, H J and Milvang-Jensen, B and Furusawa, H and Fynbo, J P U and Le F{\`e}vre, O and Holt, J and Ideue, Y and Ihara, Y and Rogers, A B and Taniguchi, Y},
title = {{Discovery of bright z ≃ 7 galaxies in the UltraVISTA survey}}
}

@article{2006ARA&A..44..415F,
author = {Fan, Xiaohui and Carilli, C. L. and Keating, B.},
title = {{Observational Constraints on Cosmic Reionization}},
journal = {ANNU REV ASTRON ASTR},
year = {2006},
volume = {44},
number = {1},
pages = {415--462},
month = sep
}

@article{2013A&A...549A...4S,
author = {Schaerer, D. and de Barros, S. and Sklias, P},
title = {{Properties of z ~ 3-6 Lyman break galaxies. I. Testing star formation histories and the SFR-mass relation with ALMA and near-IR spectroscopy}},
journal = {A{\&}A},
year = {2013},
volume = {549},
pages = {4},
month = jan
}

@article{2011MNRAS.410.1703F,
author = {Finlator, Kristian and Oppenheimer, Benjamin D and Dav{\'e}, Romeel},
title = {{Smoothly rising star formation histories during the reionization epoch}},
journal = {Monthly Notices of the Royal Astronomical Society},
year = {2011},
volume = {410},
number = {3},
pages = {1703--1724},
month = jan
}

@article{2010ApJ...719.1168E,
author = {Erb, Dawn K and Pettini, Max and Shapley, Alice E and Steidel, Charles C and Law, David R and Reddy, Naveen A},
title = {{Physical Conditions in a Young, Unreddened, Low-metallicity Galaxy at High Redshift}},
journal = {ApJ},
year = {2010},
volume = {719},
number = {2},
pages = {1168--1190},
month = aug
}

@article{1997A&A...326..950F,
author = {Fioc, M. and Rocca-Volmerange, B.},
title = {{PEGASE: a UV to NIR spectral evolution model of galaxies. Application to the calibration of bright galaxy counts.}},
journal = {A{\&}A},
year = {1997},
volume = {326},
pages = {950--962},
month = oct
}

@webpage{Pettini:2012wl,
author = {Pettini, Max and Shapley, Alice E and Steidel, Charles C},
title = {{THE REST-FRAME OPTICAL SPECTRA OF LYMAN BREAK GALAXIES: STAR FORMATION, EXTINCTION, ABUNDANCES, AND KINEMATICS}},
year = {2012},
month = may
}

@article{Mortlock:2011hs,
author = {Mortlock, Alice and Conselice, Christopher J and Bluck, Asa F L and Bauer, Amanda E and Gr{\"u}tzbauch, Ruth and Buitrago, Fernando and Ownsworth, Jamie},
title = {{A deep probe of the galaxy stellar mass functions at z∼ 1-3 with the GOODS NICMOS Survey}},
journal = {Monthly Notices of the Royal Astronomical Society},
year = {2011},
volume = {413},
number = {4},
pages = {2845--2859},
month = mar
}

@article{2012ApJ...756..164F,
author = {Finkelstein, Steven L and Papovich, Casey and Salmon, Brett and Finlator, Kristian and Dickinson, Mark and Ferguson, Henry C and Giavalisco, Mauro and Koekemoer, Anton M and Reddy, Naveen A and Bassett, Robert and Conselice, Christopher J and Dunlop, James S and Faber, S M and Grogin, Norman A and Hathi, Nimish P and Kocevski, Dale D and Lai, Kamson and Lee, Kyoung-Soo and McLure, Ross J and Mobasher, Bahram and Newman, Jeffrey A},
title = {{Candels: The Evolution of Galaxy Rest-frame Ultraviolet Colors from z = 8 to 4}},
journal = {ApJ},
year = {2012},
volume = {756},
number = {2},
pages = {164},
month = sep
}

@article{2006AJ....132.1729B,
author = {Beckwith, Steven V W and Stiavelli, Massimo and Koekemoer, Anton M and Caldwell, John A R and Ferguson, Henry C and Hook, Richard and Lucas, Ray A and Bergeron, Louis E and Corbin, Michael and Jogee, Shardha and Panagia, Nino and Robberto, Massimo and Royle, Patricia and Somerville, Rachel S and Sosey, Megan},
title = {{The Hubble Ultra Deep Field}},
journal = {The Astronomical Journal},
year = {2006},
volume = {132},
number = {5},
pages = {1729--1755},
month = nov
}

@article{Spergel:2006hm,
author = {Spergel, D N and Bean, R and Nolta, M R and Bennett, C L and Dunkley, J and Hinshaw, G and Jarosik, N and Komatsu, E and Page, L and Peiris, H V and Verde, L and Halpern, M and Hill, R S and Kogut, A and Limon, M and Meyer, S S and Odegard, N and Tucker, G S and Weiland, J L and Wollack, E and Wright, Edward L},
title = {{Wilkinson Microwave Anisotropy Probe (WMAP) Three Year Results: Implications for Cosmology}},
journal = {arXiv},
year = {2006},
eprint = {astro-ph/0603449v2},
eprinttype = {arxiv},
eprintclass = {astro-ph},
month = mar
}

@article{Oesch:2012wb,
author = {Oesch, Pascal A and Bouwens, Rychard J and Illingworth, Garth D and Gonz{\'a}lez, Valentino and Trenti, Michele and van Dokkum, Pieter G and Franx, Marijn and Labb{\'e}, I and Carollo, C M and Magee, D},
title = {{The Bright End of the UV Luminosity Function at z~8: New Constraints from CANDELS Data}},
journal = {arXiv},
year = {2012},
eprint = {1201.0755v1},
eprinttype = {arxiv},
eprintclass = {astro-ph.CO},
month = jan
}

@article{Reddy:2012ur,
author = {Reddy, Naveen A and Pettini, Max and Steidel, Charles C and Shapley, Alice E and Erb, Dawn K and Law, David R},
title = {{The Characteristic Star Formation Histories of Galaxies at Redshifts z~2-7}},
journal = {arXiv},
year = {2012},
eprint = {1205.0555v1},
eprinttype = {arxiv},
eprintclass = {astro-ph.CO},
month = may
}

@article{2007ApJ...654..172D,
author = {Dahlen, Tomas and Mobasher, Bahram and Dickinson, Mark and Ferguson, Henry C and Giavalisco, Mauro and Kretchmer, Claudia and Ravindranath, Swara},
title = {{Evolution of the Luminosity Function, Star Formation Rate, Morphology and Size of Star-forming Galaxies Selected at Rest-frame 1500A and 2800A}},
journal = {arXiv},
year = {2006},
eprint = {astro-ph/0609016v1},
eprinttype = {arxiv},
eprintclass = {astro-ph},
number = {1},
pages = {172--185},
month = sep,
annote = {38 pages with 14 figures. Accepted for publication in ApJ}
}

@article{2010ApJ...709L..21O,
author = {Oesch, Pascal A and Bouwens, Rychard J and Carollo, C M and Illingworth, Garth D and Trenti, Michele and Stiavelli, M and Magee, D and Labb{\'e}, I and Franx, Marijn},
title = {{Structure and Morphologies of z ~ 7-8 Galaxies from Ultra-deep WFC3/IR Imaging of the Hubble Ultra-deep Field}},
journal = {The Astrophysical Journal Letters},
year = {2010},
volume = {709},
number = {1},
pages = {L21--L25},
month = jan
}

@article{2011MNRAS.418.2074M,
author = {McLure, R J and Dunlop, James S and de Ravel, L. and Cirasuolo, Michele and Ellis, Richard S and Schenker, M. and Robertson, B. E. and Koekemoer, Anton M and Stark, D P and Bowler, R. A. A.},
title = {{A robust sample of galaxies at redshifts 6.0}},
journal = {Monthly Notices of the Royal Astronomical Society},
year = {2011},
volume = {418},
number = {3},
pages = {2074--2105},
month = dec
}

@article{1983ApJ...266..713O,
author = {Oke, J. B. and Gunn, J. E.},
title = {{Secondary standard stars for absolute spectrophotometry}},
journal = {Astrophysical Journal},
year = {1983},
volume = {266},
pages = {713--717},
month = mar
}

@article{2010ApJ...709..644I,
author = {Ilbert, O and Salvato, M and Le Floc'h, E and Aussel, H and Capak, P and McCracken, H J and Mobasher, B and Kartaltepe, J and Scoville, N and Sanders, D B and Arnouts, S and Bundy, K and Cassata, P and Kneib, J P and Koekemoer, A and Le F{\`e}vre, O and Lilly, S and Surace, J and Taniguchi, Y and Tasca, L and Thompson, D and Tresse, L and Zamojski, M and Zamorani, G and Zucca, E},
title = {{Galaxy Stellar Mass Assembly Between 0.2 }},
journal = {ApJ},
year = {2010},
volume = {709},
number = {2},
pages = {644--663},
month = feb
}

@article{2010A&A...515A..73S,
author = {Schaerer, D. and de Barros, S.},
title = {{On the physical properties of z ≈ 6-8 galaxies}},
journal = {A{\&}A},
year = {2010},
volume = {515},
pages = {73},
month = jun
}

@article{Anonymous:QJyxUpMF,
author = {Brammer, Gabriel B and van Dokkum, Pieter G and Coppi, Paolo},
title = {{EAZY: A Fast, Public Photometric Redshift Code}},
journal = {arXiv},
year = {2008},
eprint = {0807.1533v1},
eprinttype = {arxiv},
eprintclass = {astro-ph},
month = jul
}

@article{1995ApJ...441...18M,
author = {Madau, Piero},
title = {{Radiative transfer in a clumpy universe: The colors of high-redshift galaxies}},
journal = {Astrophysical Journal},
year = {1995},
volume = {441},
pages = {18--27},
month = mar
}

@article{2011ApJS..193...27W,
author = {Windhorst, Rogier A and Cohen, Seth H and Hathi, Nimish P and McCarthy, Patrick J and Ryan, Russell E Jr and Yan, Haojing and Baldry, Ivan K and Driver, Simon P and Frogel, Jay A and Hill, David T and Kelvin, Lee S and Koekemoer, Anton M and Mechtley, Matt and O'Connell, Robert W and Robotham, Aaron S G and Rutkowski, Michael J and Seibert, Mark and Straughn, Amber N and Tuffs, Richard J and Balick, Bruce and Bond, Howard E and Bushouse, Howard and Calzetti, Daniela and Crockett, Mark and Disney, Michael J and Dopita, Michael A and Hall, Donald N B and Holtzman, Jon A and Kaviraj, Sugata and Kimble, Randy A and MacKenty, John W and Mutchler, Max and Paresce, Francesco and Saha, Abihit and Silk, Joseph I and Trauger, John T and Walker, Alistair R and Whitmore, Bradley C and Young, Erick T},
title = {{The Hubble Space Telescope Wide Field Camera 3 Early Release Science Data: Panchromatic Faint Object Counts for 0.2-2 $\mu$m Wavelength}},
journal = {ApJS},
year = {2011},
volume = {193},
number = {2},
pages = {27},
month = apr
}

@article{2011arXiv1110.3785F,
author = {Finkelstein, Steven L and Papovich, Casey and Salmon, Brett and Finlator, Kristian and Dickinson, Mark and Ferguson, Henry C and Giavalisco, Mauro and Koekemoer, Anton M and Reddy, Naveen A and Bassett, Robert and Conselice, Christopher J and Dunlop, James S and Faber, S M and Grogin, Norman A and Hathi, Nimish P and Kocevski, Dale D and Lai, Kamson and Lee, Kyoung-Soo and McLure, Ross J and Mobasher, Bahram and Newman, Jeffrey A},
title = {{CANDELS: The Evolution of Galaxy Rest-Frame Ultraviolet Colors from z = 8 to 4}},
journal = {arXiv},
year = {2011},
eprint = {1110.3785},
eprinttype = {arxiv},
eprintclass = {1110},
pages = {3785},
month = oct,
annote = {Submitted to the Astrophysical Journal. 18 pages, 8 figures and 4 tables}
}

@article{2009ApJ...697.1493S,
author = {Stark, Daniel P and Ellis, Richard S and Bunker, Andrew and Bundy, Kevin and Targett, Tom and Benson, Andrew and Lacy, Mark},
title = {{The Evolutionary History of Lyman Break Galaxies Between Redshift 4 and 6: Observing Successive Generations of Massive Galaxies in Formation}},
journal = {ApJ},
year = {2009},
volume = {697},
number = {2},
pages = {1493--1511},
month = jun
}

@article{2000ApJ...533..682C,
author = {Calzetti, Daniela and Armus, Lee and Bohlin, Ralph C and Kinney, Anne L and Koornneef, Jan and Storchi-Bergmann, Thaisa},
title = {{The Dust Content and Opacity of Actively Star-forming Galaxies}},
journal = {ApJ},
year = {2000},
volume = {533},
number = {2},
pages = {682--695},
month = apr
}

@article{2005A&A...439..863I,
author = {Ilbert, O and Tresse, L and Zucca, E and Bardelli, S and Arnouts, S and Zamorani, G and Pozzetti, L and Bottini, D and Garilli, B and Le Brun, V and Le F{\`e}vre, O and Maccagni, D and Picat, J P and Scaramella, R and Scodeggio, M and Vettolani, G and Zanichelli, A and Adami, C and Arnaboldi, M and Bolzonella, M and Cappi, A and Charlot, S and Contini, T and Foucaud, S and Franzetti, P and Gavignaud, I and Guzzo, L and Iovino, A and McCracken, H J and Marano, B and Marinoni, C and Mathez, G and Mazure, A and Meneux, B and Merighi, R and Paltani, S and Pello, R and Pollo, A and Radovich, M and Bondi, M and Bongiorno, A and Busarello, G and Ciliegi, P and Lamareille, F and Mellier, Y and Merluzzi, P and Ripepi, V and Rizzo, D},
title = {{The VIMOS-VLT deep survey. Evolution of the galaxy luminosity function up to z = 2 in first epoch data}},
journal = {A{\&}A},
year = {2005},
volume = {439},
number = {3},
pages = {863--876},
month = sep
}

@article{Heyl:1996vc,
author = {Heyl, Jeremy and Colless, Matthew and Ellis, Richard S and Broadhurst, Tom},
title = {{Autofib Redshift Survey: II -- The Evolution of the Galaxy Luminosity Function by Spectral Type}},
journal = {arXiv},
year = {1996},
eprint = {astro-ph/9610036v1},
eprinttype = {arxiv},
eprintclass = {astro-ph},
month = oct,
annote = {LaTeX, 22 pages, 22 figures}
}

@article{1996MNRAS.283.1388M,
author = {Madau, Piero and Ferguson, Henry C and Dickinson, Mark E and Giavalisco, Mauro and Steidel, Charles C and Fruchter, Andrew},
title = {{High-redshift galaxies in the Hubble Deep Field: colour selection and star formation history to z~4}},
journal = {Monthly Notices of the Royal Astronomical Society},
year = {1996},
volume = {283},
number = {4},
pages = {1388--1404},
month = dec
}

@article{1999ApJ...519....1S,
author = {Steidel, Charles C and Adelberger, Kurt L and Giavalisco, Mauro and Dickinson, Mark and Pettini, Max},
title = {{Lyman-Break Galaxies at z>~4 and the Evolution of the Ultraviolet Luminosity Density at High Redshift}},
journal = {ApJ},
year = {1999},
volume = {519},
number = {1},
pages = {1--17},
month = jul
}

@article{1996ApJ...462L..17S,
author = {Steidel, Charles C and Giavalisco, Mauro and Pettini, Max and Dickinson, Mark and Adelberger, Kurt L},
title = {{Spectroscopic Confirmation of a Population of Normal Star-forming Galaxies at Redshifts Z > 3}},
journal = {Astrophysical Journal Letters v.462},
year = {1996},
volume = {462},
pages = {L17},
month = may
}

@article{2010Natur.468...49R,
author = {Robertson, Brant E and Ellis, Richard S and Dunlop, James S and McLure, Ross J and Stark, Daniel P},
title = {{Early star-forming galaxies and the reionization of the Universe}},
journal = {Nature},
year = {2010},
volume = {468},
number = {7},
pages = {49--55},
month = nov
}

@article{Oesch:2008cc,
author = {Oesch, Pascal A and Carollo, C M and Stiavelli, M and Trenti, Michele and Bergeron, L E and Koekemoer, Anton M and Lucas, R A and Pavlovsky, C M and Beckwith, S V W and Dahlen, Tomas and Ferguson, Henry C and Gardner, Jonathan P and Lilly, S J and Mobasher, B and Panagia, N},
title = {{The UDF05 Follow-up of the HUDF: II. Constraints on Reionization from z-dropout Galaxies}},
journal = {arXiv},
year = {2008},
eprint = {0804.4874v2},
eprinttype = {arxiv},
eprintclass = {astro-ph},
month = apr,
annote = {Accepted for publication in ApJ, 7 pages, 4 figures; minor revisions
  to match accepted version}
}

@webpage{Anonymous:wXNqzpPT,
url = {http://adsabs.harvard.edu/abs/2005ApJ...631..126D}
}

@article{2004ApJ...600L.107F,
author = {Ferguson, Henry C and Dickinson, Mark and Giavalisco, Mauro and Kretchmer, Claudia and Ravindranath, Swara and Idzi, Rafal and Taylor, Edward and Conselice, Christopher J and Fall, S. Michael and Gardner, Jonathan P and Livio, Mario and Madau, Piero and Moustakas, Leonidas A and Papovich, Casey M and Somerville, Rachel S and Spinrad, Hyron and Stern, Daniel},
title = {{The Size Evolution of High-Redshift Galaxies}},
journal = {ApJ},
year = {2004},
volume = {600},
number = {2},
pages = {L107--L110},
month = jan
}

@article{2005ApJ...631..126D,
author = {Dahlen, Tomas and Mobasher, Bahram and Somerville, Rachel S and Moustakas, Leonidas A and Dickinson, Mark and Ferguson, Henry C and Giavalisco, Mauro},
title = {{The Evolution of the Optical and Near-Infrared Galaxy Luminosity Functions and Luminosity Densities to z~2}},
journal = {ApJ},
year = {2005},
volume = {631},
number = {1},
pages = {126--144},
month = sep
}

@article{1993ApJ...404...51E,
author = {Eales, Stephen},
title = {{Direct construction of the galaxy luminosity function as a function of redshift}},
journal = {Astrophysical Journal},
year = {1993},
volume = {404},
pages = {51--62},
month = feb
}

@article{Noeske:2007ja,
author = {Noeske, K G and Faber, S M and Weiner, B J and Koo, D C and Primack, J R and Dekel, A and Papovich, Casey and Conselice, Christopher J and Le Floc'h, E and Rieke, G H and Coil, A L and Lotz, J M and Somerville, R S and Bundy, K},
title = {{Star Formation in AEGIS Field Galaxies since z = 1.1: Staged Galaxy Formation and a Model of Mass-dependent Gas Exhaustion}},
journal = {ApJ},
year = {2007},
volume = {660},
number = {1},
pages = {L47--L50},
month = apr
}

@article{2009MNRAS.395.2196M,
author = {McLure, R J and Cirasuolo, Michele and Dunlop, James S and Foucaud, S and Almaini, Omar},
title = {{The luminosity function, halo masses and stellar masses of luminous Lyman-break galaxies at redshifts 5 }},
journal = {Monthly Notices of the Royal Astronomical Society},
year = {2009},
volume = {395},
number = {4},
pages = {2196--2209},
month = jun
}

@article{2009MNRAS.397..208C,
author = {Conselice, Christopher J and Arnold, Jessica},
title = {{The structures of distant galaxies - II. Diverse galaxy structures and local environments at z = 4-6 implications for early galaxy assembly}},
journal = {Monthly Notices of the Royal Astronomical Society},
year = {2009},
volume = {397},
number = {1},
pages = {208--231},
month = jul
}

@article{1980ApJ...235..694A,
author = {Avni, Y and Bahcall, J N},
title = {{On the simultaneous analysis of several complete samples - The V/Vmax and Ve/Va variables, with applications to quasars}},
journal = {Astrophysical Journal},
year = {1980},
volume = {235},
pages = {694--716},
month = feb,
annote = {A{\&}AA ID. AAA027.162.005}
}

@article{Noeske:2007kq,
author = {Noeske, K G and Weiner, B J and Faber, S M and Papovich, Casey and Koo, D C and Somerville, R S and Bundy, K and Conselice, Christopher J and Newman, J A and Schiminovich, D and Le Floc'h, E and Coil, A L and Rieke, G H and Lotz, J M and Primack, J R and Barmby, P and Cooper, M C and Davis, M and Ellis, Richard S and Fazio, G G and Guhathakurta, P and Huang, J and Kassin, S A and Martin, D C and Phillips, A C and Rich, R M and Small, T A and Willmer, C N A and Wilson, G},
title = {{Star Formation in AEGIS Field Galaxies since z = 1.1: The Dominance of Gradually Declining Star Formation, and the Main Sequence of Star-forming Galaxies}},
journal = {ApJ},
year = {2007},
volume = {660},
number = {1},
pages = {L43--L46},
month = apr
}

@article{Anonymous:r_woy2UF,
author = {Reddy, Naveen A and Steidel, Charles C},
title = {{A STEEP FAINT-END SLOPE OF THE UV LUMINOSITY FUNCTION AT z∼ 2-3: IMPLICATIONS FOR THE GLOBAL STELLAR MASS DENSITY AND STAR FORMATION IN LOW-MASS HALOS}},
journal = {ApJ},
year = {2009},
volume = {692},
number = {1},
pages = {778--803},
month = feb
}

@webpage{Anonymous:96uKWdy6,
url = {http://adsabs.harvard.edu/abs/2012ApJ...752L...5B}
}

@article{Gardner:2006di,
author = {Gardner, Jonathan P and Mather, John C and Clampin, Mark and Doyon, Rene and Greenhouse, Matthew A and Hammel, Heidi B and Hutchings, John B and Jakobsen, Peter and Lilly, Simon J and Long, Knox S and Lunine, Jonathan I and McCaughrean, Mark J and Mountain, Matt and Nella, John and Rieke, George H and Rieke, Marcia J and Rix, Hans-Walter and Smith, Eric P and Sonneborn, George and Stiavelli, Massimo and Stockman, H S and Windhorst, Rogier A and Wright, Gillian S},
title = {{The James Webb Space Telescope}},
journal = {arXiv},
year = {2006},
eprint = {astro-ph/0606175v1},
eprinttype = {arxiv},
eprintclass = {astro-ph},
month = jun
}

@article{2011ApJ...737...90B,
author = {Bouwens, Rychard J and Illingworth, Garth D and Oesch, Pascal A and Labb{\'e}, I and Trenti, Michele and van Dokkum, Pieter G and Franx, Marijn and Stiavelli, M and Carollo, C M and Magee, D and Gonz{\'a}lez, Valentino},
title = {{Ultraviolet Luminosity Functions from 132 z ~ 7 and z ~ 8 Lyman-break Galaxies in the Ultra-deep HUDF09 and Wide-area Early Release Science WFC3/IR Observations}},
journal = {ApJ},
year = {2011},
volume = {737},
number = {2},
pages = {90},
month = aug
}

@article{Dunlop:2012uu,
author = {Dunlop, James S},
title = {{Observing the first galaxies}},
journal = {arXiv},
year = {2012},
eprint = {1205.1543v2},
eprinttype = {arxiv},
eprintclass = {astro-ph.CO},
month = may,
annote = {Book Chapter, providing a thorough review of current knowledge of
  galaxies at redshifts z > 5. 71 pages, 28 figures, 314 references. To appear
  in "The First Galaxies - Theoretical Predictions and Observational Clues",
  2012 by Springer, eds. V. Bromm, B. Mobasher, T. Wiklind (minor typos fixed)}
}

@article{2008ASPC..396..409M,
author = {Maiolino, R and Nagao, T and Grazian, A and Cocchia, F and Marconi, A and Mannucci, F and Cimatti, A and Pipino, A and Fontana, A and Granato, G L and Matteucci, F and Pentericci, L and Risaliti, G and Salvati, M and Silva, L},
title = {{The Mass-Metallicity Relation at z>3}},
journal = {Formation and Evolution of Galaxy Disks ASP Conference Series},
year = {2008},
volume = {396},
pages = {409},
month = oct
}

@article{2011RMxAC..40...36B,
author = {Bruzual A, G},
title = {{Modeling stellar populations near and far}},
journal = {XIII Latin American Regional IAU Meeting (Eds. W. J. Henney {\&} S. Torres-Peimbert) Revista Mexicana de Astronom{\'\i}a y Astrof{\'\i}sica (Serie de Conferencias) Vol. 40},
year = {2011},
volume = {40},
pages = {36--41},
month = oct
}

@article{2003ghr..conf..185B,
author = {Bruzual A, Gustavo},
title = {{Stellar population synthesis models at low and high redshift}},
journal = {In: Galaxies at high redshift. XI Canary Islands Winter School of Astrophysics},
year = {2003},
pages = {185--221},
month = n/a,
annote = {ISBN: 0-521-82591-1}
}

@article{1990ApJ...357L...9G,
author = {Guhathakurta, P and Tyson, J A and Majewski, S R},
title = {{A redshift limit for the faint blue galaxy population from deep U band imaging}},
journal = {Astrophysical Journal},
year = {1990},
volume = {357},
pages = {L9--L12},
month = jul
}

@article{2012A&A...539A.136S,
author = {Sommariva, V and Mannucci, F and Cresci, G and Maiolino, R and Marconi, A and Nagao, T and Baroni, A and Grazian, A},
title = {{Stellar metallicity of star-forming galaxies at z ~ 3}},
journal = {A{\&}A},
year = {2012},
volume = {539},
pages = {136},
month = mar
}

@article{2007MNRAS.375....2D,
author = {De Lucia, Gabriella and Blaizot, J{\'e}r{\'e}my},
title = {{The hierarchical formation of the brightest cluster galaxies}},
journal = {Monthly Notices of the Royal Astronomical Society},
year = {2007},
volume = {375},
number = {1},
pages = {2--14},
month = feb
}

@article{Castellano:2011ve,
author = {Castellano, M and Fontana, A and Grazian, A and Pentericci, L and Santini, P and Koekemoer, A and Cristiani, S and Galametz, A and Gallerani, S and Vanzella, E and Boutsia, K and Gallozzi, S and Giallongo, E and Maiolino, R and Menci, N and Paris, D},
title = {{The blue UV slopes of z~4 Lyman break galaxies: implications for the corrected star formation rate density}},
journal = {arXiv},
year = {2011},
eprint = {1109.1757v2},
eprinttype = {arxiv},
eprintclass = {astro-ph.CO},
month = sep,
annote = {Accepted for publication in A{\&}A. Minor changes to the previous
  version. 12 pages, 10 figures}
}

@article{Wilkins:2013kh,
author = {Wilkins, S M and Matteo, T D and Croft, R and Khandai, N and Feng, Y and Bunker, A and Coulton, W},
title = {{Confronting predictions of the galaxy stellar mass function with observations at high redshift}},
journal = {Monthly Notices of the Royal Astronomical Society},
year = {2013},
volume = {429},
number = {3},
pages = {2098--2103},
month = jan
}

@article{2012ApJ...759..135O,
author = {Oesch, Pascal A and Bouwens, Rychard J and Illingworth, Garth D and Gonz{\'a}lez, Valentino and Trenti, Michele and van Dokkum, Pieter G and Franx, Marijn and Labb{\'e}, I and Carollo, C M and Magee, D},
title = {{The Bright End of the Ultraviolet Luminosity Function at z ~ 8: New Constraints from CANDELS Data in GOODS-South}},
journal = {ApJ},
year = {2012},
volume = {759},
number = {2},
pages = {135},
month = nov
}

@article{2011ApJS..197...35G,
author = {Grogin, Norman A and Kocevski, Dale D and Faber, S M and Ferguson, Henry C and Koekemoer, Anton M and Riess, Adam G and Acquaviva, Viviana and Alexander, David M and Almaini, Omar and Ashby, Matthew L N and Barden, Marco and Bell, Eric F and Bournaud, Fr{\'e}d{\'e}ric and Brown, Thomas M and Caputi, Karina I and Casertano, Stefano and Cassata, Paolo and Castellano, Marco and Challis, Peter J and Chary, Ranga-Ram and Cheung, Edmond and Cirasuolo, Michele and Conselice, Christopher J and Roshan Cooray, Asantha and Croton, Darren J and Daddi, Emanuele and Dahlen, Tomas and Dav{\'e}, Romeel and de Mello, Duilia F and Dekel, Avishai and Dickinson, Mark and Dolch, Timothy and Donley, Jennifer L and Dunlop, James S and Dutton, Aaron A and Elbaz, David and Fazio, Giovanni G and Filippenko, Alexei V and Finkelstein, Steven L and Fontana, Adriano and Gardner, Jonathan P and Garnavich, Peter M and Gawiser, Eric and Giavalisco, Mauro and Grazian, Andrea and Guo, Yicheng and Hathi, Nimish P and H{\"a}ussler, Boris and Hopkins, Philip F and Huang, Jia-Sheng and Huang, Kuang-Han and Jha, Saurabh W and Kartaltepe, Jeyhan S and Kirshner, Robert P and Koo, David C and Lai, Kamson and Lee, Kyoung-Soo and Li, Weidong and Lotz, Jennifer M and Lucas, Ray A and Madau, Piero and McCarthy, Patrick J and McGrath, Elizabeth J and McIntosh, Daniel H and McLure, Ross J and Mobasher, Bahram and Moustakas, Leonidas A and Mozena, Mark and Nandra, Kirpal and Newman, Jeffrey A and Niemi, Sami-Matias and Noeske, Kai G and Papovich, Casey and Pentericci, Laura and Pope, Alexandra and Primack, Joel R and Rajan, Abhijith and Ravindranath, Swara and Reddy, Naveen A and Renzini, Alvio and Rix, Hans-Walter and Robaina, Aday R and Rodney, Steven A and Rosario, David J and Rosati, Piero and Salimbeni, Sara and Scarlata, Claudia and Siana, Brian and Simard, Luc and Smidt, Joseph and Somerville, Rachel S and Spinrad, Hyron and Straughn, Amber N and Strolger, Louis-Gregory and Telford, Olivia and Teplitz, Harry I and Trump, Jonathan R and van der Wel, Arjen and Villforth, Carolin and Wechsler, Risa H and Weiner, Benjamin J and Wiklind, Tommy and Wild, Vivienne and Wilson, Grant and Wuyts, Stijn and Yan, Hao-Jing and Yun, Min S},
title = {{CANDELS: The Cosmic Assembly Near-infrared Deep Extragalactic Legacy Survey}},
journal = {ApJS},
year = {2011},
volume = {197},
number = {2},
pages = {35},
month = dec
}

@article{2011arXiv1109.0994B,
author = {Bouwens, Rychard J and Illingworth, Garth D and Oesch, Pascal A and Franx, Marijn and Labb{\'e}, I and Trenti, Michele and van Dokkum, Pieter G and Carollo, C M and Gonz{\'a}lez, Valentino and Smit, R. and Magee, D},
title = {{UV-continuum slopes at z~4-7 from the HUDF09+ERS+CANDELS observations: Discovery of a well-defined UV-color magnitude relationship for z>=4 star-forming galaxies}},
journal = {arXiv},
year = {2011},
eprint = {1109.0994},
eprinttype = {arxiv},
eprintclass = {1109},
pages = {994},
month = sep,
annote = {39 pages, 26 figures, 8 tables, accepted for publication in ApJ, updated to include results from the full CANDELS data set over the CDF South and also to use the most recent WFC3/IR zeropoint determinations}
}

@article{DNSpergel:2012vx,
author = {Spergel, D N and Bean, R and Dore, O and Nolta, MR and Bennett, C L and Dunkley, J and Hinshaw, G and Jarosik, N and Komatsu, E and Page, L},
title = {{Three-year Wilkinson Microwave Anisotropy Probe (WMAP) observations: implications for cosmology}},
journal = {ApJS},
year = {2007},
volume = {170},
pages = {377}
}

@article{Gonzalez:2012uw,
author = {Gonz{\'a}lez, Valentino and Bouwens, Rychard J and llingworth, Garth and Labb{\'e}, Ivo and Oesch, Pascal A and Franx, Marijn and Magee, Dan},
title = {{Slow Evolution of the Specific Star Formation Rate at z>2: The Impact of Dust, Emission Lines, and A Rising Star Formation History}},
journal = {arXiv},
year = {2012},
eprint = {1208.4362v1},
eprinttype = {arxiv},
eprintclass = {astro-ph.CO},
month = aug,
annote = {13 pages, 8 figures, 2 tables, submitted to ApJ}
}

@article{Schmidt:1968wj,
author = {Schmidt, Maarten},
title = {{Space Distribution and Luminosity Functions of Quasi-Stellar Radio Sources}},
journal = {ApJ},
year = {1968},
volume = {151},
pages = {394},
month = feb
}

@article{Anonymous:2012fb,
title = {{Escape fraction of ionizing photons from high-redshift galaxies in cosmological SPH simulations}},
year = {2012},
pages = {1--12},
month = aug
}

@article{Dave:2011wj,
author = {Dav{\'e}, Romeel and Finlator, Kristian and Oppenheimer, Benjamin D},
title = {{An Analytic Model for the Evolution of the Stellar, Gas, and Metal Content of Galaxies}},
journal = {arXiv},
year = {2011},
eprint = {1108.0426v2},
eprinttype = {arxiv},
eprintclass = {astro-ph.CO},
month = aug,
annote = {11 pages, MNRAS, accepted}
}

@article{1992AJ....104..941S,
author = {Steidel, Charles C and Hamilton, Donald},
title = {{Deep imaging of high redshift QSO fields below the Lyman limit. I - The field of Q0000-263 and galaxies at Z = 3.4}},
journal = {Astronomical Journal (ISSN 0004-6256)},
year = {1992},
volume = {104},
pages = {941--949},
month = sep
}

@article{Dave:2011vb,
author = {Dav{\'e}, Romeel},
title = {{Rapidly Star-forming Galaxies At High Redshifts}},
journal = {arXiv},
year = {2011},
eprint = {1101.5397v1},
eprinttype = {arxiv},
eprintclass = {astro-ph.CO},
month = jan,
annote = {8 pages, to appear in proc. of The 5th Zermatt ISM Symposium}
}

@article{2013MNRAS.429..302C,
author = {Curtis-Lake, E and McLure, R J and Dunlop, James S and Schenker, M. and Rogers, A B and Targett, T and Cirasuolo, Michele and Almaini, Omar and Ashby, M L N and Bradshaw, E J and Finkelstein, S L and Dickinson, Mark and Ellis, Richard S and Faber, S M and Fazio, G G and Ferguson, Henry C and Fontana, A and Grogin, N A and Hartley, Will G and Kocevski, D D and Koekemoer, Anton M and Lai, K and Robertson, B. E. and Vanzella, E and Willner, S P},
title = {{The ages, masses and star formation rates of spectroscopically confirmed z ˜ 6 galaxies in CANDELS}},
journal = {Monthly Notices of the Royal Astronomical Society},
year = {2013},
volume = {429},
number = {1},
pages = {302--322},
month = feb
}

