@string{anrev ="An. Revs."}  
@string{apj="Ap. J."}        
@string{apjs="Ap. J. Suppl."}
@string{apjl="Ap. J. Lett."} 
@string{aj="Astron. J."}     
@string{mnras="MNRAS"}  
@string{nat="Nature"}                  
@string{araa="Ann. Rev. Astron. Astrophys."}  
@string{revphys="Rev. Mod. Phys."}
@string{jphys="J. Phys."}
@string{aap="Astron. Astrophys."}
@string{aas="Astron. Astrophys. Suppl."}
@string{aarev="Astron. Astrophys. Review"}
@string{geo="J. Geophys. Res."}
@string{phyrev="Phys. Rev."}
@string{prl="Phys. Rev. Lett."}
@string{prd="Phys. Rev. D"}
@string{austphys="Australian J. Phys."}
@string{ass="Astrophys. Space Sci."}
@string{japan="Pub. Astr. Soc. Japan"}
@string{pasp="Publ. Astron. Soc. Pacific"}
@string{sov="Sov. Astron. Lett."}
@string{pre="preprint"}		  
@string{austjsupp="Aust. J. Phys. Astrophys. Suppl."}
@string{mras="Mem. R astr. Soc."}
@string{anna="Ann. Astrophys"}
@string{lob="Lick Obs. Bull."}
@string{qjras="Quar. J. R. astr. Soc."}
@string{an="Astron. Nachr."}

@ARTICLE{Hawkins2003,
    author = {{Hawkins}, E. and {Maddox}, S. and {Cole}, S. and {Lahav}, O. and
{Madgwick}, D.~S. and {Norberg}, P. and {Peacock}, J.~A. and others},
    collaboration = {The 2dFGRS Team},
    title = "{The 2dF Galaxy Redshift Survey: correlation functions, peculiar velocities and the matter density of the Universe}",
    journal = mnras,
    year = 2003,
    month = nov,
    volume = 346,
    pages = {78-96},
}

@ARTICLE{Wild2004,
author ={Vivienne Wild and John A. Peacock and Ofer Lahav and Edward Conway and Steve Maddox and others},
collaboration = {The 2dFGRS Team},
title = "The 2dF Galaxy Redshift Survey: stochastic relative biasing between galaxy populations",
year = 2004,
journal = {{\rm preprint} (astro-ph/0404275)},
}

@ARTICLE{1994AandA...291..697B,
    author = {{Bernardeau}, F.},
    title = "{The effects of smoothing on the statistical properties of large-scale cosmic fields}",
    journal = aap,
    year = 1994,
    month = nov,
    volume = 291,
    pages = {697-712},
}

@ARTICLE{2000ApJ...544...63B,
    author = {{Blanton}, M.},
    title = "{How Stochastic Is the Relative Bias between Galaxy Types?}",
    journal = apj,
    year = 2000,
    month = nov,
    volume = 544,
    pages = {63-80},
}

@ARTICLE{1993ApJ...417...36B,
    author = {{Bouchet}, F.~R. and {Strauss}, M.~A. and {Davis}, M. and {Fisher}, K.~B. and
{Yahil}, A. and {Huchra}, J.~P.},
    title = "{Moments of the Counts Distribution in the 1.2 Jansky IRAS Galaxy Redshift Survey}",
    journal = apj,
    year = 1993,
    month = nov,
    volume = 417,
    pages = {36-+},
}

@ARTICLE{1993ApJ...405..403B,
    author = {{Bower}, R.~G. and {Coles}, P. and {Frenk}, C.~S. and {White}, S.~D.~M.
},
    title = "{Cooperative galaxy formation and large-scale structure}",
    journal = apj,
    year = 1993,
    month = mar,
    volume = 405,
    pages = {403-412},
}

@ARTICLE{1995ApJ...438...49B,
    author = {{Broadhurst}, T.~J. and {Taylor}, A.~N. and {Peacock}, J.~A.
},
    title = "{Mapping cluster mass distributions via gravitational lensing of background galaxies}",
    journal = apj,
    year = 1995,
    month = jan,
    volume = 438,
    pages = {49-61},
}

@ARTICLE{1991ApJ...380...24C,
    author = {{Carruthers}, P.},
    title = "{Galaxy correlations, counts, and moments}",
    journal = apj,
    year = 1991,
    month = oct,
    volume = 380,
    pages = {24-29},
}

@ARTICLE{1998MNRAS.300..945C,
    author = {{Cole}, S. and {Hatton}, S. and {Weinberg}, D.~H. and {Frenk}, C.~S.
},
    title = "{Mock 2dF and SDSS galaxy redshift surveys}",
    journal = mnras,
    year = 1998,
    month = nov,
    volume = 300,
    pages = {945-966},
}

@ARTICLE{1991MNRAS.248....1C,
    author = {{Coles}, P. and {Jones}, B.},
    title = "{A lognormal model for the cosmological mass distribution}",
    journal = mnras,
    year = 1991,
    month = jan,
    volume = 248,
    pages = {1-13},
}

@ARTICLE{2001MNRAS.328.1039C,
    author = {{Colless}, M. and {Dalton}, G. and {Maddox}, S. and {Sutherland}, W. and
{Norberg}, P. and {Cole}, S. and others},
collaboration = {The 2dFGRS Team},
    title = "{The 2dF Galaxy Redshift Survey: spectra and redshifts}",
    journal = mnras,
    year = 2001,
    month = dec,
    volume = 328,
    pages = {1039-1063},
}

@ARTICLE{1990ApJ...364..349D,
    author = {{Dekel}, A. and {Bertschinger}, E. and {Faber}, S.~M.},
    title = "{Potential, velocity, and density fields from sparse and noisy redshift-distance samples - Method}",
    journal = apj,
    year = 1990,
    month = dec,
    volume = 364,
    pages = {349-369},
}

@ARTICLE{1999ApJ...520...24D,
    author = {{Dekel}, A. and {Lahav}, O.},
    title = "{Stochastic Nonlinear Galaxy Biasing}",
    journal = apj,
    year = 1999,
    month = jul,
    volume = 520,
    pages = {24-34},
}

@ARTICLE{1980ApJ...236..351D,
    author = {{Dressler}, A.},
    title = "{Galaxy morphology in rich clusters - Implications for the formation and evolution of galaxies}",
    journal = apj,
    year = 1980,
    month = mar,
    volume = 236,
    pages = {351-365},
}

@ARTICLE{Efstathiou1990,
    author = {{Efstathiou}, G. and {Kaiser}, N. and {Saunders}, W. and {Lawrence}, A. and
{Rowan-Robinson}, M. and {Ellis}, R.~S. and {Frenk}, C.~S.},
    title = "{Largescale Clustering of IRAS Galaxies}",
    journal = mnras,
    year = 1990,
    month = nov,
    volume = 247,
    pages = {10P-+},
}

@ARTICLE{2002MNRAS.330L..29E,
    author = {{Efstathiou}, G. and {Moody}, S. and {Peacock}, J.~A. and {Percival}, W.~J. and others},
    collaboration = {The 2dFGRS Team},
    title = "{Evidence for a non-zero {$\Lambda$} and a low matter density from a combined analysis of the 2dF Galaxy Redshift Survey and cosmic microwave background anisotropies}",
    journal = mnras,
    year = 2002,
    month = feb,
    volume = 330,
    pages = {L29-L35},
}

@ARTICLE{2003JCAP...04..004E,
    author = {{Elgar{\o}y}, {\O}. and {Lahav}, O.},
    title = "{Upper limits on neutrino masses from the 2dFGRS and WMAP: the role of priors}",
    journal = "{Journal of Cosmology and Astro-Particle Physics}",
    year = 2003,
    month = apr,
    volume = 4,
    pages = {4-+},
}

@ARTICLE{1986ApJ...306..358F,
    author = {{Fry}, J.~N.},
    title = "{Statistics of voids in hierarchical universes}",
    journal = apj,
    year = 1986,
    month = jul,
    volume = 306,
    pages = {358-365},
}

@ARTICLE{1993ApJ...403..450G,
    author = {{Gazta\~naga}, E. and {Yokoyama}, J.},
    title = "{Probing the statistics of primordial fluctuations and their evolution}",
    journal = apj,
    year = 1993,
    month = feb,
    volume = 403,
    pages = {450-465},
}

@ARTICLE{1999ApJ...519..622H,
    author = {{Hui}, L. and {Gazta{\~ n}aga}, E.},
    title = "{Biased Estimations of Variance and Skewness}",
    journal = apj,
    year = 1999,
    month = jul,
    volume = 519,
    pages = {622-636},
}

@ARTICLE{1995ApJ...442...39J,
    author = {{Juszkiewicz}, R. and {Weinberg}, D.~H. and {Amsterdamski}, P. and
{Chodorowski}, M. and {Bouchet}, F.},
    title = "{Weakly nonlinear Gaussian fluctuations and the edgeworth expansion}",
    journal = apj,
    year = 1995,
    month = mar,
    volume = 442,
    pages = {39-56},
}

@ARTICLE{1997MNRAS.286..795K,
    author = {{Kauffmann}, G. and {Nusser}, A. and {Steinmetz}, M.},
    title = "{Galaxy formation and large-scale bias}",
    journal = mnras,
    year = 1997,
    month = apr,
    volume = 286,
    pages = {795-811},
}

@ARTICLE{1996MNRAS.278.1025L,
    author = {{Loveday}, J.},
    title = "{The APM Bright Galaxy Catalogue}",
    journal = mnras,
    year = 1996,
    month = feb,
    volume = 278,
    pages = {1025-1048},
}

@ARTICLE{1995ApJ...442..457L,
    author = {{Loveday}, J. and {Maddox}, S.~J. and {Efstathiou}, G. and {Peterson}, B.~A.
},
    title = "{The Stromlo-APM redshift survey. 2: Variation of galaxy clustering with morphology and luminosity}",
    journal = apj,
    year = 1995,
    month = apr,
    volume = 442,
    pages = {457-468},
}

@ARTICLE{1990MNRAS.246..433M,
    author = {{Maddox}, S.~J. and {Efstathiou}, G. and {Sutherland}, W.~J.
},
    title = "{The APM Galaxy Survey - Part Two - Photometric Corrections}",
    journal = mnras,
    year = 1990,
    month = oct,
    volume = 246,
    pages = {433-+},
}

@ARTICLE{1990MNRAS.243..692M,
    author = {{Maddox}, S.~J. and {Efstathiou}, G. and {Sutherland}, W.~J. and
{Loveday}, J.},
    title = "{The APM galaxy survey. I - APM measurements and star-galaxy separation}",
    journal = mnras,
    year = 1990,
    month = apr,
    volume = 243,
    pages = {692-712},
}

@ARTICLE{1990MNRAS.242P..43M,
    author = {{Maddox}, S.~J. and {Efstathiou}, G. and {Sutherland}, W.~J. and
{Loveday}, J.},
    title = "{Galaxy correlations on large scales}",
    journal = mnras,
    year = 1990,
    month = jan,
    volume = 242,
    pages = {43P-47P},
}

@ARTICLE{1996MNRAS.283.1227M,
    author = {{Maddox}, S.~J. and {Efstathiou}, G. and {Sutherland}, W.~J.
},
    title = "{The APM Galaxy Survey - III. an analysis of systematic errors in the angular correlation function and cosmological implications}",
    journal = mnras,
    year = 1996,
    month = dec,
    volume = 283,
    pages = {1227-1263},
}

@ARTICLE{2003MNRAS.338..197M,
    author = {{Madgwick}, D.~S.},
    title = "{Correlating galaxy morphologies and spectra in the 2dF Galaxy Redshift Survey}",
    journal = mnras,
    year = 2003,
    month = jan,
    volume = 338,
    pages = {197-207},
}

@ARTICLE{2002MNRAS.333..133M,
    author = {{Madgwick}, D.~S. and {Lahav}, O. and others},
collaboration = {The 2dFGRS Team},
    title = "{The 2dF Galaxy Redshift Survey: galaxy luminosity functions per spectral type}",
    journal = mnras,
    year = 2002,
    month = jun,
    volume = 333,
    pages = {133-144},
}

@ARTICLE{2003MNRAS.343..871M,
    author = {{Madgwick}, D.~S. and {Somerville}, R. and {Lahav}, O. and {Ellis}, R.},
    title = "{Galaxy spectral parametrization in the 2dF Galaxy Redshift Survey as a diagnostic of star formation history}",
    journal = mnras,
    year = 2003,
    month = aug,
    volume = 343,
    pages = {871-879},
}

@ARTICLE{2003MNRAS.344..847M,
    author = {{Madgwick}, D.~S. and {Hawkins}, E. and {Lahav}, O. and {Maddox}, S. and
{Norberg}, P. and {Peacock}, J.~A. and others},
collaboration = {The 2dFGRS Team},
    title = "{The 2dF Galaxy Redshift Survey: galaxy clustering per spectral type}",
    journal = mnras,
    year = 2003,
    month = sep,
    volume = 344,
    pages = {847-856},
}

@ARTICLE{1999ApJ...525..543M,
    author = {{Matsubara}, T.},
    title = "{Stochasticity of Bias and Nonlocality of Galaxy Formation: Linear Scales}",
    journal = apj,
    year = 1999,
    month = nov,
    volume = 525,
    pages = {543-553},
}

@ARTICLE{2000ApJ...528....1N,
    author = {{Narayanan}, V.~K. and {Berlind}, A.~A. and {Weinberg}, D.~H.
},
    title = "{Locally Biased Galaxy Formation and Large-Scale Structure}",
    journal = apj,
    year = 2000,
    month = jan,
    volume = 528,
    pages = {1-20},
}

@ARTICLE{1996MNRAS.282..347M,
    author = {{Mo}, H.~J. and {White}, S.~D.~M.},
    title = "{An analytic model for the spatial clustering of dark matter haloes}",
    journal = mnras,
    year = 1996,
    month = sep,
    volume = 282,
    pages = {347-361},
}

@ARTICLE{2002MNRAS.332..827N,
    author = {{Norberg}, P. and {Baugh}, C.~M. and {Hawkins}, E. and {Maddox}, S. and
{Madgwick}, D. and {Lahav}, O. and {Cole}, S. and {Frenk}, C.~S. and others},
collaboration = {The 2dFGRS Team},
    title = "{The 2dF Galaxy Redshift Survey: the dependence of galaxy clustering on luminosity and spectral type}",
    journal = mnras,
    year = 2002,
    month = jun,
    volume = 332,
    pages = {827-838},
}

@ARTICLE{2002MNRAS.336..907N,
    author = {{Norberg}, P. and {Cole}, S. and {Baugh}, C.~M. and {Frenk}, C.~S. and others},
collaboration = {The 2dFGRS Team},
    title = "{The 2dF Galaxy Redshift Survey: the $b_{\rm J}$-band galaxy luminosity function and survey selection function}",
    journal = mnras,
    year = 2002,
    month = nov,
    volume = 336,
    pages = {907-931},
}

@ARTICLE{1983MNRAS.202..615P,
    author = {{Peacock}, J.~A.},
    title = "{Two-dimensional goodness-of-fit testing in astronomy}",
    journal = mnras,
    year = 1983,
    month = feb,
    volume = 202,
    pages = {615-627},
}

@ARTICLE{2001Natur.410..169P,
    author = {{Peacock}, J.~A. and {Cole}, S. and {Norberg}, P. and others},
collaboration = {The 2dFGRS Team},
    title = "{A measurement of the cosmological mass density from clustering in the 2dF Galaxy Redshift Survey}",
    journal = nat,
    year = 2001,
    month = mar,
    volume = 410,
    pages = {169-173},
}

@ARTICLE{2002MNRAS.337.1068P,
    author = {{Percival}, W.~J. and {Sutherland}, W. and {Peacock}, J.~A. and others},
collaboration = {The 2dFGRS Team},
    title = "{Parameter constraints for flat cosmologies from cosmic microwave background and 2dFGRS power spectra}",
    journal = mnras,
    year = 2002,
    month = dec,
    volume = 337,
    pages = {1068-1080},
}

@ARTICLE{2001MNRAS.327.1297P,
    author = {{Percival}, W.~J. and {Baugh}, C.~M. and {Bland-Hawthorn}, J. and others},
collaboration = {The 2dFGRS Team},
    title = "{The 2dF Galaxy Redshift Survey: the power spectrum and the matter content of the Universe}",
    journal = mnras,
    year = 2001,
    month = nov,
    volume = 327,
    pages = {1297-1306},
}

@ARTICLE{1984ApJ...281...95P,
    author = {{Postman}, M. and {Geller}, M.~J.},
    title = "{The morphology-density relation - The group connection}",
    journal = apj,
    year = 1984,
    month = jun,
    volume = 281,
    pages = {95-99},
}

@ARTICLE{1990MNRAS.247....1R,
    author = {{Rowan-Robinson}, M. and {Lawrence}, A. and {Saunders}, W. and
{Crawford}, J. and {Ellis}, R. and {Frenk}, C.~S. and {Parry}, I. and
{Xiaoyang}, X. and {Allington-Smith}, J. and {Efstathiou}, G. and
{Kaiser}, N.},
    title = "{A Sparse-Sampled Redshift Survey of IRAS Galaxies - Part One - the Convergence of the IRAS Dipole and the Origin of Our Motion with Respect to the Microwave Background}",
    journal = mnras,
    year = 1990,
    month = nov,
    volume = 247,
    pages = {1-+},
}

@ARTICLE{1999MNRAS.309...89S,
    author = {{Seaborne}, M.~D. and {Sutherland}, W. and {Tadros}, H. and
{Efstathiou}, G. and {Frenk}, C.~S. and {Keeble}, O. and {Maddox}, S. and
{McMahon}, R.~G. and {Oliver}, S. and {Rowan-Robinson}, M. and
{Saunders}, W. and {White}, S.~D.~M.},
    title = "{A comparison of the PSCz and Stromlo-APM redshift surveys}",
    journal = mnras,
    year = 1999,
    month = oct,
    volume = 309,
    pages = {89-99},
}

@ARTICLE{2001MNRAS.320..289S,
    author = {{Somerville}, R.~S. and {Lemson}, G. and {Sigad}, Y. and {Dekel}, A. and
{Kauffmann}, G. and {White}, S.~D.~M.},
    title = "{Non-linear stochastic galaxy biasing in cosmological simulations}",
    journal = mnras,
    year = 2001,
    month = jan,
    volume = 320,
    pages = {289-306},
}

@ARTICLE{1999ApJ...519..513T,
    author = {{Tegmark}, M.},
    title = "{Comparing and Combining Cosmic Microwave Background Data Sets}",
    journal = apj,
    year = 1999,
    month = jul,
    volume = 519,
    pages = {513-517},
}

@ARTICLE{1999ApJ...524L..79B,
    author = {{Bromley}, B.~C. and {Tegmark}, M.},
    title = "{Is the Cosmic Microwave Background Really Non-Gaussian?}",
    journal = apjl,
    year = 1999,
    month = oct,
    volume = 524,
    pages = {L79-L82},
}

@ARTICLE{1996MNRAS.280..754U,
    author = {{Ueda}, H. and {Yokoyama}, J.},
    title = "{Counts-in-cells analysis of the statistical distribution in an N-body simulated universe}",
    journal = mnras,
    year = 1996,
    month = jun,
    volume = 280,
    pages = {754-766},
}

@ARTICLE{2002MNRAS.335..432V,
    author = {{Verde}, L. and {Heavens}, A.~F. and {Percival}, W.~J. and {Matarrese}, S. and others},
collaboration = {The 2dFGRS Team},
    title = "{The 2dF Galaxy Redshift Survey: the bias of galaxies and the density of the Universe}",
    journal = mnras,
    year = 2002,
    month = sep,
    volume = 335,
    pages = {432-440},
}

@ARTICLE{2003ApJS..148..195V,
    author = {{Verde}, L. and {Peiris}, H.~V. and {Spergel}, D.~N. and {Nolta}, M.~R. and
{Bennett}, C.~L. and {Halpern}, M. and {Hinshaw}, G. and {Jarosik}, N. and
{Kogut}, A. and {Limon}, M. and {Meyer}, S.~S. and {Page}, L. and
{Tucker}, G.~S. and {Wollack}, E. and {Wright}, E.~L.},
    title = "{First-Year Wilkinson Microwave Anisotropy Probe (WMAP) Observations: Parameter Estimation Methodology}",
    journal = apjs,
    year = 2003,
    month = sep,
    volume = 148,
    pages = {195-211},
}

@ARTICLE{Baugh2004,
author = {{Baugh}, C.~M. and {Croton}, D.~E. and {Gazta\~naga}, E. and {Norberg}, P. and {Colless}, M. and others},
collaboration = {The 2dFGRS Team},
title ="{The 2dF Galaxy Redshift Survey: Hierarchical galaxy clustering}",
year = 2004,
journal = {{\rm preprint} (astro-ph/0401405)},
}

@ARTICLE{Colless2003,
author ={Matthew Colless and Bruce A. Peterson and Carole Jackson and John A. Peacock and Shaun Cole and Peder Norberg and others},
collaboration = {The 2dFGRS Team},
title = "{The 2dF Galaxy Redshift Survey: Final Data Release}",
year = 2003,
journal = "{\rm preprint} (astro-ph/0306581)",
}

@ARTICLE{Croton2004a,
author = {D. J. Croton and M. Colless and E. {Gazta\~naga} and C. M. Baugh and P. Norberg and others},
collaboration = {The 2dFGRS Team},
title = "{The 2dF Galaxy Redshift Survey: Voids and hierarchical scaling models}",
year = {2004},
journal = {{\rm preprint} (astro-ph/0401406)},
}

@ARTICLE{Croton2004b,
author = {D. J. Croton and E. {Gazta\~naga} and C. M. Baugh and P. Norberg and M. Colless and others},
collaboration = {The 2dFGRS Team},
title = "{The 2dF Galaxy Redshift Survey: Higher order galaxy correlation functions}",
year = {2004},
journal = "{\rm preprint} (astro-ph/0401434)",
}

@ARTICLE{Kayo2004,
author = {Issha Kayo and Yasushi Suto and Robert C. Nichol and Jun Pan and Istvan Szapudi and Andrew J. Connolly and Jeff Gardner and Bhuvnesh Jain and  Gauri Kulkarni and Takahiko Matsubara and Ravi Sheth and Alexander S. Szalay and Jon Brinkmann},
title = "{Three-point Correlation Functions of SDSS Galaxies in Redshift Space: Morphology, Color and Luminosity Dependence}",
year = 2004,
journal = "{\rm preprint} (astro-ph/0403638)",
}

@ARTICLE{Kochanek2000,
author = {C. S. Kochanek and M. A. Pahre and E. E. Falco},
title = "{Evidence for Inconsistencies in Galaxy Luminosity Functions Defined by Spectral Type}",
year = 2000,
journal = "{\rm preprint} (astro-ph/0011458)",
}

@ARTICLE{2004ApJ...602...26S,
    author = {{Szapudi}, I. and {Pan}, J.},
    title = "{On Recovering the Nonlinear Bias Function from Counts-in-Cells Measurements}",
    journal = apj,
    year = 2004,
    month = feb,
    volume = 602,
    pages = {26-37},
}

@BOOK{Peacock1999,
author = {Peacock, J. A.},
title = "{Cosmological Physics}",
publisher = "Cambridge University Press",
year = 1999,
}

@BOOK{Peebles1980,
author = {Peebles, P.~J.~E.},
title = "{The Large-Scale Structure of the Universe}",
publisher = "Princeton University Press",
year = 1980,
}

@BOOK{NR,
author = {Press, W. H. and  Teukolsky, S. A. and Vetterling, W. T. and Flannery, B. P.},
title = "{Numerical Recipes in C}",
publisher = "Cambridge University Press",
year = 1992,
edition = 2,
}

@ARTICLE{1998MNRAS.301..881E,
    author = {{Ebeling}, H. and {Edge}, A.~C. and {Bohringer}, H. and {Allen}, S.~W. and
{Crawford}, C.~S. and {Fabian}, A.~C. and {Voges}, W. and {Huchra}, J.~P.
},
    title = "{The ROSAT Brightest Cluster Sample - I. The compilation of the sample and the cluster log N-log S distribution}",
    journal = mnras,
    year = 1998,
    month = dec,
    volume = 301,
    pages = {881-914},
}

@ARTICLE{2000MNRAS.318..333E,
    author = {{Ebeling}, H. and {Edge}, A.~C. and {Allen}, S.~W. and {Crawford}, C.~S. and
{Fabian}, A.~C. and {Huchra}, J.~P.},
    title = "{The ROSAT Brightest Cluster Sample - IV. The extended sample}",
    journal = mnras,
    year = 2000,
    month = oct,
    volume = 318,
    pages = {333-340},
}

@ARTICLE{2001MNRAS.326..649P,
    author = {{Pearce}, F.~R. and {Jenkins}, A. and {Frenk}, C.~S. and {White}, S.~D.~M. and
{Thomas}, P.~A. and {Couchman}, H.~M.~P. and {Peacock}, J.~A. and
{Efstathiou}, G.},
    title = "{Simulations of galaxy formation in a cosmological volume}",
    journal = mnras,
    year = 2001,
    month = sep,
    volume = 326,
    pages = {649-666},
}

@ARTICLE{1999ApJ...521L..99P,
    author = {{Pearce}, F.~R. and {Jenkins}, A. and {Frenk}, C.~S. and {Colberg}, J.~M. and
{White}, S.~D.~M. and {Thomas}, P.~A. and {Couchman}, H.~M.~P. and
{Peacock}, J.~A. and {Efstathiou}, G. and {(The Virgo Consortium)}
},
    title = "{A Simulation of Galaxy Formation and Clustering}",
    journal = apjl,
    year = 1999,
    month = aug,
    volume = 521,
    pages = {L99-L102},
}

@ARTICLE{1991MNRAS.250..607P,
    author = {{Pearce}, F.~R. and {Thomas}, P.~A.},
    title = "{Morphological evolution of clusters}",
    journal = mnras,
    year = 1991,
    month = jun,
    volume = 250,
    pages = {607-610},
}

@ARTICLE{1999MNRAS.303..188K,
    author = {{Kauffmann}, G. and {Colberg}, J.~M. and {Diaferio}, A. and
{White}, S.~D.~M.},
    title = "{Clustering of galaxies in a hierarchical universe - I. Methods and results at z=0}",
    journal = mnras,
    year = 1999,
    month = feb,
    volume = 303,
    pages = {188-206},
}

@ARTICLE{1998MNRAS.297..427A,
    author = {{Aragon-Salamanca}, A. and {Baugh}, C.~M. and {Kauffmann}, G.
},
    title = "{The K-band Hubble diagram for the brightest cluster galaxies: a test of hierarchical galaxy formation models}",
    journal = mnras,
    year = 1998,
    month = jun,
    volume = 297,
    pages = {427-434},
}

@ARTICLE{2000ApJ...532L.105B,
    author = {{Burke}, D.~J. and {Collins}, C.~A. and {Mann}, R.~G.},
    title = "{Cluster Selection and the Evolution of Brightest Cluster Galaxies}",
    journal = apjl,
    year = 2000,
    month = apr,
    volume = 532,
    pages = {L105-L108},
}

@ARTICLE{Conway2004,
    author = {E. Conway and S. Maddox and V. Wild and J. A. Peacock and E. Hawkins and P. Norberg and D. S. Madgwick and others},
    collaboration = {The 2dFGRS Team},
    title = "The 2dF Galaxy Redshift Survey: the nature of the relative bias between galaxies of different spectral type",
    year = 2004,
    journal = {{\rm preprint} (astro-ph/0404276)},
}

@ARTICLE{1994ApJ...435..536C,
    author = {{Colombi}, S.},
    title = "{A 'skewed' lognormal approximation to the probablility distribution function of the large-scale density field}",
    journal = apj,
    year = 1994,
    month = nov,
    volume = 435,
    pages = {536-539},
}

@ARTICLE{1999ApJ...518L..69T,
    author = {{Tegmark}, M. and {Bromley}, B.~C.},
    title = "{Observational Evidence for Stochastic Biasing}",
    journal = apjl,
    year = 1999,
    month = jun,
    volume = 518,
    pages = {L69-L72},
}

ARTICLE{1998MNRAS.297..128C,
    author = {{Collins}, C.~A. and {Mann}, R.~G.},
    title = "{The K-band Hubble diagram for brightest cluster galaxies in X-ray clusters}",
    journal = mnras,
    year = 1998,
    month = jun,
    volume = 297,
    pages = {128-142},
}

@ARTICLE{2003MNRAS.343..627J,
    author = {{Jones}, L.~R. and {Ponman}, T.~J. and {Horton}, A. and {Babul}, A. and
{Ebeling}, H. and {Burke}, D.~J.},
    title = "{The nature and space density of fossil groups of galaxies}",
    journal = mnras,
    year = 2003,
    month = aug,
    volume = 343,
    pages = {627-638},
}

@ARTICLE{2004AJ....127...24J,
    author = {{Jord{\' a}n}, A. and {C{\^ o}t{\' e}}, P. and {West}, M.~J. and
{Marzke}, R.~O. and {Minniti}, D. and {Rejkuba}, M.},
    title = "{Hubble Space Telescope Observations of cD Galaxies and Their Globular Cluster Systems}",
    journal = aj,
    year = 2004,
    month = jan,
    volume = 127,
    pages = {24-47},
}

@ARTICLE{1986ApJS...60..603S,
    author = {{Schombert}, J.~M.},
    title = "{The structure of brightest cluster members. I - Surface photometry}",
    journal = apjs,
    year = 1986,
    month = mar,
    volume = 60,
    pages = {603-693},
}

@ARTICLE{2004MNRAS.348.1355B,
    author = {{Balogh}, M. and {Eke}, V. and {Miller}, C. and {Lewis}, I. and
{Bower}, R. and {Couch}, W. and {Nichol}, R. and others},
    title = "{Galaxy ecology: groups and low-density environments in the SDSS and 2dFGRS}",
    collaboration = {The 2dFGRS Team},
    journal = mnras,
    year = 2004,
    month = mar,
    volume = 348,
    pages = {1355-1372},
}

@ARTICLE{2001MNRAS.327.1041B,
    author = {{Benson}, A.~J. and {Frenk}, C.~S. and {Baugh}, C.~M. and {Cole}, S. and {Lacey}, C.~G.},
    title = "{The clustering evolution of the galaxy distribution}",
    journal = mnras,
    year = 2001,
    month = nov,
    volume = 327,
    pages = {1041-1056},
}

@ARTICLE{1994ApJ...433....1B,
    author = {{Bernardeau}, F.},
    title = "{Skewness and kurtosis in large-scale cosmic fields}",
    journal = apj,
    year = 1994,
    month = sep,
    volume = 433,
    pages = {1-18},
}

@ARTICLE{1993ApJ...417..415C,
    author = {{Cen}, R. and {Ostriker}, J.~P.},
    title = "{Cold Dark Matter Cosmogony with Hydrodynamics and Galaxy Formation: Galaxy Properties at Redshift Zero}",
    journal = apj,
    year = 1993,
    month = nov,
    volume = 417,
    pages = {415-+},
}

@ARTICLE{1994A&A...281..301C,
    author = {{Colombi}, S. and {Bouchet}, F.~R. and {Schaeffer}, R.},
    title = "{Large scale structure statistics: Finite volume effects}",
    journal = aap,
    year = 1994,
    month = jan,
    volume = 281,
    pages = {301-313},
}

@ARTICLE{1997ApJ...490..577D,
    author = {{Dressler}, A. and {Oemler}, A.~J. and {Couch}, W.~J. and {Smail}, I. and
{Ellis}, R.~S. and {Barger}, A. and {Butcher}, H. and {Poggianti}, B.~M. and
{Sharples}, R.~M.},
    title = "{Evolution since Z = 0.5 of the Morphology-Density Relation for Clusters of Galaxies}",
    journal = apj,
    year = 1997,
    month = dec,
    volume = 490,
    pages = {577-+},
}

@ARTICLE{2004MNRAS.348..866E,
    author = {{Eke}, V.~R. and {Baugh}, C.~M. and {Cole}, S. and {Frenk}, C.~S. and
{Norberg}, P. and {Peacock}, J.~A. and others},
    collaboration = {The 2dFGRS Team},
    title = "{Galaxy groups in the 2dFGRS: the group-finding algorithm and the 2PIGG catalogue}",
    journal = mnras,
    year = 2004,
    month = mar,
    volume = 348,
    pages = {866-878},
}

@ARTICLE{Erdogdu2004,
    author = {Pirin Erdogdu and Ofer Lahav and Saleem Zaroubi and George Efstathiou and Steve Moody and John A. Peacock and Matthew Colless and others},
    collaboration = {The 2dFGRS Team},
    title = "{The 2dF Galaxy Redshift Survey: Wiener Reconstruction of the Cosmic Web}",
    journal = {{\rm preprint} (astro-ph/0312546},
    year = 2004,
}

@ARTICLE{2002ApJ...575..779F,
    author = {{Feldmeier}, J.~J. and {Mihos}, J.~C. and {Morrison}, H.~L. and
{Rodney}, S.~A. and {Harding}, P.},
    title = "{Deep CCD Surface Photometry of Galaxy Clusters. I. Methods and Initial Studies of Intracluster Starlight}",
    journal = apj,
    year = 2002,
    month = aug,
    volume = 575,
    pages = {779-800},
}

@ARTICLE{1999MNRAS.308..459F,
    author = {{Folkes}, S. and {Ronen}, S. and {Price}, I. and {Lahav}, O. and
{Colless}, M. and {Maddox}, S. and {Deeley}, K. and {Glazebrook}, K. and others},
    collaboration = {The 2dFGRS Team},
    title = "{The 2dF Galaxy Redshift Survey: spectral types and luminosity functions}",
    journal = mnras,
    year = 1999,
    month = sep,
    volume = 308,
    pages = {459-472},
}

@ARTICLE{2003ApJ...584..210G,
    author = {{G{\' o}mez}, P.~L. and {Nichol}, R.~C. and {Miller}, C.~J. and
{Balogh}, M.~L. and {Goto}, T. and {Zabludoff}, A.~I. and {Romer}, A.~K. and
{Bernardi}, M. and {Sheth}, R. and {Hopkins}, A.~M. and {Castander}, F.~J. and
{Connolly}, A.~J. and {Schneider}, D.~P. and {Brinkmann}, J. and
{Lamb}, D.~Q. and {SubbaRao}, M. and {York}, D.~G.},
    title = "{Galaxy Star Formation as a Function of Environment in the Early Data Release of the Sloan Digital Sky Survey}",
    journal = apj,
    year = 2003,
    month = feb,
    volume = 584,
    pages = {210-227},
}

@ARTICLE{2002ApJ...570...44H,
    author = {{Hoyle}, F. and {Vogeley}, M.~S. and {Gott}, J.~R.~I.},
    title = "{Two-dimensional Topology of the Two-Degree Field Galaxy Redshift Survey}",
    journal = apj,
    year = 2002,
    month = may,
    volume = 570,
    pages = {44-53},
}

@ARTICLE{2002ApJ...580..663H,
    author = {{Hoyle}, F. and {Vogeley}, M.~S. and {Gott}, J.~R.~I. and {Blanton}, M. and
{Tegmark}, M. and {Weinberg}, D.~H. and {Bahcall}, N. and {Brinkmann}, J. and
{York}, D.},
    title = "{Two-dimensional Topology of the Sloan Digital Sky Survey}",
    journal = apj,
    year = 2002,
    month = dec,
    volume = 580,
    pages = {663-671},
}

@INPROCEEDINGS{2001misk.conf...33L,
    author = {{Lahav}, O.},
    title = "{Compression and Classification Methods for Galaxy Spectra in Large Redshift Surveys}",
booktitle = {Mining the Sky},
year = 2001,
    pages = {33-+},
}

@ARTICLE{2002MNRAS.334..673L,
    author = {{Lewis}, I. and {Balogh}, M. and {De Propris}, R. and {Couch}, W. and
{Bower}, R. and {Offer}, A. and {Bland-Hawthorn}, J. and others},
    collaboration = {The 2dFGRS Team},
    title = "{The 2dF Galaxy Redshift Survey: the environmental dependence of galaxy star formation rates near clusters}",
    journal = mnras,
    year = 2002,
    month = aug,
    volume = 334,
    pages = {673-683},
}

@ARTICLE{1997AJ....113.2061M,
    author = {{Morrison}, H.~L. and {Miller}, E.~D. and {Harding}, P. and
{Stinebring}, D.~R. and {Boroson}, T.~A.},
    title = "{Stellar Populations in Edge-On Galaxies From Deep CCD Surface Photometry.II. One-Dimensional FITS of NGC 891}",
    journal = aj,
    year = 1997,
    month = jun,
    volume = 113,
    pages = {2061-2074},
}

@ARTICLE{Osmond2004,
    author = {{Osmond}, J.P.F. and {Ponman}, T.J.P.},
    title = "{The GEMS project: X-ray analysis and statistical properties of the group sample}",
    year = 2004,
    journal = {{\rm preprint} (astro-ph/0402439)},
}

@INPROCEEDINGS{2002nec..conf...19P,
    author = {{Peacock}, J.~A.},
    title = "{Studying Large-scale Structure with the 2dF Galaxy Redshift Survey}",
booktitle = {ASP Conf. Ser. 283: A New Era in Cosmology},
year = 2002,
    pages = {19-+},
}

@ARTICLE{1992ApJ...396..430L,
    author = {{Lahav}, O. and {Saslaw}, W.~C.},
    title = "{Biasing and distribution functions for different galaxy types in optical and IRAS catalogs}",
    journal = apj,
    year = 1992,
    month = sep,
    volume = 396,
    pages = {430-444},
}

@ARTICLE{Seljak2004,
    author = {Uros Seljak and Michael S. Warren},
    title = "{Large scale bias and stochasticity of halos and dark matter}",
    year = 2004,
    journal = {{\rm preprint} (astro-ph/0403698)},
}

@ARTICLE{1998MNRAS.299..207S,
    author = {{Sheth}, R.~K.},
    title = "{The generalized Poisson distribution and a model of clustering from Poisson initial conditions}",
    journal = mnras,
    year = 1998,
    month = aug,
    volume = 299,
    pages = {207-217},
}

@ARTICLE{2003MNRAS.343...22S,
    author = {{Sheth}, J.~V. and {Sahni}, V. and {Shandarin}, S.~F. and {Sathyaprakash}, B.~S.
},
    title = "{Measuring the geometry and topology of large-scale structure using SURFGEN: methodology and preliminary results}",
    journal = mnras,
    year = 2003,
    month = jul,
    volume = 343,
    pages = {22-46},
}

@ARTICLE{2001MNRAS.328..726S,
    author = {{Springel}, V. and {White}, S.~D.~M. and {Tormen}, G. and {Kauffmann}, G.
},
    title = "{Populating a cluster of galaxies - I. Results at z=0}",
    journal = mnras,
    year = 2001,
    month = dec,
    volume = 328,
    pages = {726-750},
}

@ARTICLE{1995PhR...261..271S,
    author = {{Strauss}, M.~A. and {Willick}, J.~A.},
    title = "{The density and peculiar velocity fields of nearby galaxies}",
    journal = {Physics Reports},
    year = 1995,
    volume = 261,
    pages = {271-431},
}

@ARTICLE{1996ApJ...470..131S,
    author = {{Szapudi}, I. and {Colombi}, S.},
    title = "{Cosmic Error and Statistics of Large-Scale Structure}",
    journal = apj,
    year = 1996,
    month = oct,
    volume = 470,
    pages = {131-+},
}

@ARTICLE{1999ApJ...517...54S,
    author = {{Szapudi}, I. and {Quinn}, T. and {Stadel}, J. and {Lake}, G.
},
    title = "{N-Point Correlations in CDM and OmegaCDM Simulations}",
    journal = apj,
    year = 1999,
    month = may,
    volume = 517,
    pages = {54-63},
}

@ARTICLE{2000MNRAS.313..725S,
    author = {{Szapudi}, I. and {Colombi}, S. and {Jenkins}, A. and {Colberg}, J.
},
    title = "{Experimental cosmic statistics - II. Distribution}",
    journal = mnras,
    year = 2000,
    month = apr,
    volume = 313,
    pages = {725-733},
}

@INPROCEEDINGS{1998wfsc.conf...43T,
    author = {{Tegmark}, M.},
    title = "{Bias and Beyond}",
booktitle = {Wide Field Surveys in Cosmology, 14th IAP meeting held May 26-30, 1998, Paris. Publisher: Editions Frontieres. ISBN: 2-8 6332-241-9, p. 43.},
year = 1998,
    pages = {43-+},
}

@ARTICLE{2002ApJ...571..172Z,
    author = {{Zehavi}, I. and {Blanton}, M.~R. and {Frieman}, J.~A. and {Weinberg}, D.~H. and
{Mo}, H.~J. and {Strauss}, M.~A. and others},
    collaboration = {The SDSS Team},
    title = "{Galaxy Clustering in Early Sloan Digital Sky Survey Redshift Data}",
    journal = apj,
    year = 2002,
    month = may,
    volume = 571,
    pages = {172-190},
}
