Bibtex file for all files called by thesis.tex

Bibtex is auto-generated by UKADS
For help on bibtex entry formats see http://nwalsh.com/tex/texhelp/bibtx-7.html

@ARTICLE{ref1,
   author = {{Bloggs}, J. and {Smith}, J.~H.},
    title = "{Example paper 1}",
  journal = {Journal1},
     year = 2000,
}

@ARTICLE{ref2,
   author = {{Doe}, J. and {Bloggs}, J. and {Smith}, J.~H.},
    title = "{Example paper 2}",
  journal = {Journal2},
     year = 2000,
}


